<marc:record><marc:leader>01169nam  2200325 a 45e0</marc:leader><marc:controlfield tag="005">$$a1999011206534</marc:controlfield><marc:controlfield tag="008">971217s1997    bl c     b    001 0 por c</marc:controlfield><marc:datafield ind1=" " ind2=" " tag="020"><marc:subfield code="a">8571081557</marc:subfield></marc:datafield><marc:datafield ind1=" " ind2=" " tag="035"><marc:subfield code="a">(OCoLC)ocm38102192</marc:subfield></marc:datafield><marc:datafield ind1=" " ind2=" " tag="040"><marc:subfield code="a">IXA</marc:subfield><marc:subfield code="c">IXA</marc:subfield></marc:datafield><marc:datafield ind1="0" ind2=" " tag="041"><marc:subfield code="a">por</marc:subfield></marc:datafield><marc:datafield ind1=" " ind2=" " tag="042"><marc:subfield code="a">pcc</marc:subfield></marc:datafield><marc:datafield ind1=" " ind2=" " tag="043"><marc:subfield code="a">s-bl---</marc:subfield></marc:datafield><marc:datafield ind1=" " ind2=" " tag="044"><marc:subfield code="a">bl</marc:subfield></marc:datafield><marc:datafield ind1="1" ind2="4" tag="050"><marc:subfield code="a">JL2481</marc:subfield><marc:subfield code="b">.G7317 1997</marc:subfield></marc:datafield><marc:datafield ind1="0" ind2=" " tag="092"><marc:subfield code="a">320.981</marc:subfield></marc:datafield><marc:datafield ind1="1" ind2=" " tag="100"><marc:subfield code="a">Graham, Richard</marc:subfield><marc:subfield code="d">1934-</marc:subfield></marc:datafield><marc:datafield ind1="1" ind2="0" tag="240"><marc:subfield code="a">Patronage and politics in nineteenth-century Brazil</marc:subfield><marc:subfield code="l">Portuguese</marc:subfield></marc:datafield><marc:datafield ind1="1" ind2="0" tag="245"><marc:subfield code="a">Clientelismo e pol&#237;tica no Brasil do s&#233;culo XIX</marc:subfield><marc:subfield code="c">Richard Graham ; [tradu&#231;&#227;o, Celina Brandt]</marc:subfield></marc:datafield><marc:datafield ind1=" " ind2=" " tag="260"><marc:subfield code="a">Rio de Janeiro</marc:subfield><marc:subfield code="b">Editora UFRJ</marc:subfield><marc:subfield code="c">1997</marc:subfield></marc:datafield><marc:datafield ind1=" " ind2=" " tag="300"><marc:subfield code="a">542 p.</marc:subfield><marc:subfield code="b">ports.</marc:subfield><marc:subfield code="c">21 cm</marc:subfield></marc:datafield><marc:datafield ind1=" " ind2=" " tag="504"><marc:subfield code="a">Includes bibliographical references (p. [495]-517) and index</marc:subfield></marc:datafield><marc:datafield ind1=" " ind2="0" tag="650"><marc:subfield code="a">Patronage, Political</marc:subfield><marc:subfield code="z">Brazil</marc:subfield><marc:subfield code="x">History</marc:subfield><marc:subfield code="y">19th century</marc:subfield></marc:datafield><marc:datafield ind1=" " ind2="0" tag="650"><marc:subfield code="a">Elite (Social sciences)</marc:subfield><marc:subfield code="z">Brazil</marc:subfield><marc:subfield code="x">History</marc:subfield><marc:subfield code="y">19th century</marc:subfield></marc:datafield><marc:datafield ind1=" " ind2="0" tag="650"><marc:subfield code="a">Elections</marc:subfield><marc:subfield code="z">Brazil</marc:subfield><marc:subfield code="x">History</marc:subfield><marc:subfield code="y">19th century</marc:subfield></marc:datafield><marc:datafield ind1=" " ind2="7" tag="650"><marc:subfield code="a">HIST&#211;RIA DO BRASIL (POL&#205;TICA)</marc:subfield><marc:subfield code="2">larpcal</marc:subfield></marc:datafield><marc:datafield ind1=" " ind2="7" tag="650"><marc:subfield code="a">REPRESENTA&#199;&#195;O POL&#205;TICA</marc:subfield><marc:subfield code="2">larpcal</marc:subfield></marc:datafield><marc:datafield ind1=" " ind2="7" tag="650"><marc:subfield code="a">ELEI&#199;&#213;ES (DIREITO)</marc:subfield><marc:subfield code="2">larpcal</marc:subfield></marc:datafield><marc:datafield ind1=" " ind2="0" tag="651"><marc:subfield code="a">Brazil</marc:subfield><marc:subfield code="x">Politics and government</marc:subfield><marc:subfield code="y">1822-</marc:subfield></marc:datafield><marc:datafield ind1=" " ind2=" " tag="945"><marc:subfield code="a">L</marc:subfield><marc:subfield code="b">LIVRO</marc:subfield><marc:subfield code="c">01</marc:subfield></marc:datafield></marc:record>