<marc:record><marc:leader>01148aam  2200337Ia 45e0</marc:leader><marc:controlfield tag="005">$$a1999020914163</marc:controlfield><marc:controlfield tag="008">970918s1996    bl       b    000 0 por  </marc:controlfield><marc:datafield ind1=" " ind2=" " tag="010"><marc:subfield code="a">97832473</marc:subfield></marc:datafield><marc:datafield ind1=" " ind2=" " tag="020"><marc:subfield code="a">852680393X</marc:subfield></marc:datafield><marc:datafield ind1=" " ind2=" " tag="035"><marc:subfield code="a">(OCoLC)ocm37617343</marc:subfield></marc:datafield><marc:datafield ind1=" " ind2=" " tag="040"><marc:subfield code="a">DLC</marc:subfield><marc:subfield code="c">DLC</marc:subfield></marc:datafield><marc:datafield ind1="0" ind2=" " tag="041"><marc:subfield code="a">por</marc:subfield></marc:datafield><marc:datafield ind1=" " ind2=" " tag="042"><marc:subfield code="a">lcode</marc:subfield></marc:datafield><marc:datafield ind1=" " ind2=" " tag="043"><marc:subfield code="a">s-bl---</marc:subfield></marc:datafield><marc:datafield ind1=" " ind2=" " tag="044"><marc:subfield code="a">bl</marc:subfield></marc:datafield><marc:datafield ind1="0" ind2="0" tag="050"><marc:subfield code="a">HC188.S38</marc:subfield><marc:subfield code="b">N44 1996</marc:subfield></marc:datafield><marc:datafield ind1="0" ind2=" " tag="092"><marc:subfield code="a">338.0981</marc:subfield></marc:datafield><marc:datafield ind1="1" ind2=" " tag="100"><marc:subfield code="a">Negri, Barjas</marc:subfield></marc:datafield><marc:datafield ind1="1" ind2="0" tag="245"><marc:subfield code="a">Concentra&#231;&#227;o e desconcentra&#231;&#227;o industrial em S&#227;o Paulo, 1880-1990</marc:subfield><marc:subfield code="c">Barjas Negri</marc:subfield></marc:datafield><marc:datafield ind1=" " ind2=" " tag="260"><marc:subfield code="a">Campinas</marc:subfield><marc:subfield code="b">Editora da UNICAMP</marc:subfield><marc:subfield code="c">1996</marc:subfield></marc:datafield><marc:datafield ind1=" " ind2=" " tag="300"><marc:subfield code="a">242 p</marc:subfield><marc:subfield code="c">24 cm</marc:subfield></marc:datafield><marc:datafield ind1=" " ind2="0" tag="440"><marc:subfield code="a">Cole&#231;&#227;o Momento</marc:subfield></marc:datafield><marc:datafield ind1=" " ind2=" " tag="504"><marc:subfield code="a">Includes bibliographical references (p. 231-242)</marc:subfield></marc:datafield><marc:datafield ind1=" " ind2="0" tag="650"><marc:subfield code="a">Industrialization</marc:subfield><marc:subfield code="z">Brazil</marc:subfield><marc:subfield code="z">S&#227;o Paulo (State)</marc:subfield><marc:subfield code="x">History</marc:subfield></marc:datafield><marc:datafield ind1=" " ind2="0" tag="650"><marc:subfield code="a">Deindustrialization</marc:subfield><marc:subfield code="z">Brazil</marc:subfield><marc:subfield code="z">S&#227;o Paulo (State)</marc:subfield><marc:subfield code="x">History</marc:subfield></marc:datafield><marc:datafield ind1=" " ind2="0" tag="650"><marc:subfield code="a">Industrial concentration</marc:subfield><marc:subfield code="z">Brazil</marc:subfield><marc:subfield code="z">S&#227;o Paulo (State)</marc:subfield><marc:subfield code="x">History</marc:subfield></marc:datafield><marc:datafield ind1=" " ind2="0" tag="650"><marc:subfield code="a">Industrial location</marc:subfield><marc:subfield code="z">Brazil</marc:subfield><marc:subfield code="z">S&#227;o Paulo (State)</marc:subfield></marc:datafield><marc:datafield ind1=" " ind2="7" tag="650"><marc:subfield code="a">CONCENTRA&#199;&#195;O INDUSTRIAL</marc:subfield><marc:subfield code="z">S&#195;O PAULO</marc:subfield><marc:subfield code="2">larpcal</marc:subfield></marc:datafield><marc:datafield ind1=" " ind2="7" tag="650"><marc:subfield code="a">INDUSTRIALIZA&#199;&#195;O</marc:subfield><marc:subfield code="2">larpcal</marc:subfield></marc:datafield><marc:datafield ind1=" " ind2="7" tag="650"><marc:subfield code="a">LOCALIZA&#199;&#195;O INDUSTRIAL</marc:subfield><marc:subfield code="2">larpcal</marc:subfield></marc:datafield><marc:datafield ind1=" " ind2=" " tag="945"><marc:subfield code="a">L</marc:subfield><marc:subfield code="b">LIVRO</marc:subfield><marc:subfield code="c">01</marc:subfield></marc:datafield></marc:record>