<marc:record><marc:leader>01147aam  2200325 a 45e0</marc:leader><marc:controlfield tag="005">$$a1999022506312</marc:controlfield><marc:controlfield tag="008">980820s1997    bl ab    b   f000 0 por  </marc:controlfield><marc:datafield ind1=" " ind2=" " tag="010"><marc:subfield code="a">98831911</marc:subfield></marc:datafield><marc:datafield ind1=" " ind2=" " tag="020"><marc:subfield code="a">8527104202 (Hucitec)</marc:subfield></marc:datafield><marc:datafield ind1=" " ind2=" " tag="035"><marc:subfield code="a">(OCoLC)ocm39733611</marc:subfield></marc:datafield><marc:datafield ind1=" " ind2=" " tag="040"><marc:subfield code="a">DLC</marc:subfield><marc:subfield code="c">DLC</marc:subfield></marc:datafield><marc:datafield ind1="0" ind2=" " tag="041"><marc:subfield code="a">por</marc:subfield></marc:datafield><marc:datafield ind1=" " ind2=" " tag="042"><marc:subfield code="a">lcode</marc:subfield></marc:datafield><marc:datafield ind1=" " ind2=" " tag="043"><marc:subfield code="a">s-bl---</marc:subfield></marc:datafield><marc:datafield ind1=" " ind2=" " tag="044"><marc:subfield code="a">bl</marc:subfield></marc:datafield><marc:datafield ind1="0" ind2="0" tag="050"><marc:subfield code="a">F2520.1.A7</marc:subfield><marc:subfield code="b">T45 1997</marc:subfield></marc:datafield><marc:datafield ind1="0" ind2=" " tag="092"><marc:subfield code="a">301.20981</marc:subfield></marc:datafield><marc:datafield ind1="2" ind2=" " tag="100"><marc:subfield code="a">Teixeira-Pinto, M&#225;rnio</marc:subfield><marc:subfield code="d">1962-</marc:subfield></marc:datafield><marc:datafield ind1="1" ind2="0" tag="245"><marc:subfield code="a">Ieipari</marc:subfield><marc:subfield code="b">sacrif&#237;cio e vida social entre os &#237;ndios Arara (Caribe)</marc:subfield><marc:subfield code="c">M&#225;rnio Teixeira-Pinto</marc:subfield></marc:datafield><marc:datafield ind1=" " ind2=" " tag="260"><marc:subfield code="a">S&#227;o Paulo</marc:subfield><marc:subfield code="b">Editora Hucitec</marc:subfield><marc:subfield code="c">1997</marc:subfield><marc:subfield code="b">ANPOCS</marc:subfield><marc:subfield code="a">Curitiba, PR</marc:subfield><marc:subfield code="b">Editora UFPR</marc:subfield></marc:datafield><marc:datafield ind1=" " ind2=" " tag="300"><marc:subfield code="a">413 p.</marc:subfield><marc:subfield code="b">ill. (some col.), maps</marc:subfield><marc:subfield code="c">21 cm</marc:subfield></marc:datafield><marc:datafield ind1=" " ind2="0" tag="440"><marc:subfield code="a">Cincias sociais</marc:subfield><marc:subfield code="v">40</marc:subfield></marc:datafield><marc:datafield ind1=" " ind2=" " tag="500"><marc:subfield code="a">Revised version of the author\'s thesis (doctoral)--Universidade Federal do Rio de Janeiro, 1995</marc:subfield></marc:datafield><marc:datafield ind1=" " ind2=" " tag="504"><marc:subfield code="a">Includes bibliographical references (p. 403-413)</marc:subfield></marc:datafield><marc:datafield ind1=" " ind2="0" tag="650"><marc:subfield code="a">Arara Indians</marc:subfield><marc:subfield code="x">Rites and ceremonies</marc:subfield></marc:datafield><marc:datafield ind1=" " ind2="0" tag="650"><marc:subfield code="a">Arara Indians</marc:subfield><marc:subfield code="x">Religion</marc:subfield></marc:datafield><marc:datafield ind1=" " ind2="0" tag="650"><marc:subfield code="a">Arara Indians</marc:subfield><marc:subfield code="x">Social life and customs</marc:subfield></marc:datafield><marc:datafield ind1=" " ind2="7" tag="650"><marc:subfield code="a">&#205;NDIOS</marc:subfield><marc:subfield code="z">BRASIL</marc:subfield><marc:subfield code="2">larpcal</marc:subfield></marc:datafield><marc:datafield ind1=" " ind2="7" tag="650"><marc:subfield code="a">RELIGI&#195;O IND&#205;GENA</marc:subfield><marc:subfield code="2">larpcal</marc:subfield></marc:datafield><marc:datafield ind1=" " ind2=" " tag="945"><marc:subfield code="a">L</marc:subfield><marc:subfield code="b">LIVRO</marc:subfield><marc:subfield code="c">01</marc:subfield></marc:datafield></marc:record>