<marc:record><marc:leader>00807nam  2200229K  45e0</marc:leader><marc:controlfield tag="005">$$a1999051914470</marc:controlfield><marc:controlfield tag="008">860916s1917    bl            000 0 por d</marc:controlfield><marc:datafield ind1=" " ind2=" " tag="035"><marc:subfield code="a">(OCoLC)ocm14224961</marc:subfield></marc:datafield><marc:datafield ind1=" " ind2=" " tag="040"><marc:subfield code="a">CLU</marc:subfield><marc:subfield code="c">CLU</marc:subfield></marc:datafield><marc:datafield ind1="0" ind2=" " tag="041"><marc:subfield code="a">por</marc:subfield></marc:datafield><marc:datafield ind1=" " ind2=" " tag="044"><marc:subfield code="a">bl</marc:subfield></marc:datafield><marc:datafield ind1=" " ind2=" " tag="090"><marc:subfield code="a">PN6491</marc:subfield><marc:subfield code="b">.M27p</marc:subfield></marc:datafield><marc:datafield ind1="0" ind2=" " tag="092"><marc:subfield code="a">398.9</marc:subfield></marc:datafield><marc:datafield ind1="0" ind2=" " tag="100"><marc:subfield code="a">Magalh&#227;es Pinto, Alexina de</marc:subfield><marc:subfield code="6">comp</marc:subfield></marc:datafield><marc:datafield ind1="1" ind2="0" tag="245"><marc:subfield code="a">Proverbios populares, maximas e observa&#231;&#245;es usuaes colligidos na tradi&#231;&#227;o oral</marc:subfield><marc:subfield code="c">mui cuidadosamente seleccionados e distribuidos em grupos por d. Alexiana de Magalh&#227;es Pinto em collabora&#231;&#227;o com ... Astolpho Pinto</marc:subfield></marc:datafield><marc:datafield ind1=" " ind2=" " tag="260"><marc:subfield code="a">Rio de Janeiro</marc:subfield><marc:subfield code="b">Alves</marc:subfield><marc:subfield code="c">1917</marc:subfield></marc:datafield><marc:datafield ind1=" " ind2=" " tag="300"><marc:subfield code="a">171 p</marc:subfield><marc:subfield code="c">18 cm</marc:subfield></marc:datafield><marc:datafield ind1="0" ind2=" " tag="490"><marc:subfield code="a">Bibliotheca escolar Icks, serie F</marc:subfield></marc:datafield><marc:datafield ind1=" " ind2="0" tag="650"><marc:subfield code="a">Proverbs, Portuguese</marc:subfield></marc:datafield><marc:datafield ind1=" " ind2="7" tag="650"><marc:subfield code="a">CULTURA POPULAR</marc:subfield><marc:subfield code="2">larpcal</marc:subfield></marc:datafield><marc:datafield ind1="1" ind2=" " tag="700"><marc:subfield code="a">Pinto, Astolpho</marc:subfield></marc:datafield><marc:datafield ind1=" " ind2=" " tag="945"><marc:subfield code="a">L</marc:subfield><marc:subfield code="b">LIVRO</marc:subfield><marc:subfield code="c">01</marc:subfield></marc:datafield></marc:record>