<marc:record><marc:leader>01368nam  2200277Ia 45e0</marc:leader><marc:controlfield tag="005">$$a1999052407280</marc:controlfield><marc:controlfield tag="008">990420t19921978bl       b    000 0 por d</marc:controlfield><marc:datafield ind1=" " ind2=" " tag="035"><marc:subfield code="a">(OCoLC)ocm41215089</marc:subfield></marc:datafield><marc:datafield ind1=" " ind2=" " tag="040"><marc:subfield code="a">CUY</marc:subfield><marc:subfield code="c">CUY</marc:subfield></marc:datafield><marc:datafield ind1="0" ind2=" " tag="041"><marc:subfield code="a">por</marc:subfield></marc:datafield><marc:datafield ind1=" " ind2=" " tag="044"><marc:subfield code="a">bl</marc:subfield></marc:datafield><marc:datafield ind1=" " ind2=" " tag="090"><marc:subfield code="a">PN37</marc:subfield><marc:subfield code="b">.S34 1992</marc:subfield></marc:datafield><marc:datafield ind1=" " ind2=" " tag="092"><marc:subfield code="a">801.95</marc:subfield></marc:datafield><marc:datafield ind1="1" ind2=" " tag="100"><marc:subfield code="a">Schwarz, Roberto</marc:subfield></marc:datafield><marc:datafield ind1="1" ind2="2" tag="245"><marc:subfield code="a">O pai de fam&#237;lia e outros estudos</marc:subfield><marc:subfield code="c">Roberto Schwarz</marc:subfield></marc:datafield><marc:datafield ind1=" " ind2=" " tag="250"><marc:subfield code="a">2. ed</marc:subfield></marc:datafield><marc:datafield ind1=" " ind2=" " tag="260"><marc:subfield code="a">Rio de Janeiro</marc:subfield><marc:subfield code="b">Paz e Terra</marc:subfield><marc:subfield code="c">1992, c1978</marc:subfield></marc:datafield><marc:datafield ind1=" " ind2=" " tag="300"><marc:subfield code="a">147 p</marc:subfield><marc:subfield code="c">22 cm</marc:subfield></marc:datafield><marc:datafield ind1="0" ind2=" " tag="490"><marc:subfield code="a">Cl&#225;ssicos latino-americanos</marc:subfield></marc:datafield><marc:datafield ind1=" " ind2=" " tag="504"><marc:subfield code="a">Includes bibliographical references</marc:subfield></marc:datafield><marc:datafield ind1="0" ind2=" " tag="505"><marc:subfield code="a">Sobre O amanuense Belmiro -- Tribula&#231;&#227;o de um pai de familia --O cinema e Os fuzis -- Sobre o racioc&#237;nio pol&#237;tico de Oliveiros S. Ferreira --Nota sobre vanguarda e conformismo -- Didatismo e literatura -- Cultura e pol&#237;tica, 19 64-69 -- 19princ&#237;pios de cr&#237;tica liter&#225;ria -- Termos de compara&#231;&#227;o, de Zulmira R. Tavares -- Utopia -- Anatol Rosenfeld, um intelectual estrangeiro -- As casas de Cristina Barbosa -- Cuidado com as ideologias alien&#237;genas -- Rev is&#227;o e autoria -- Sobre asTr&#234;s mulheres de tr&#234;s ppp&#234;s</marc:subfield></marc:datafield><marc:datafield ind1=" " ind2=" " tag="590"><marc:subfield code="a">Na Biblioteca da FFLCH, o e. 10 pertence &#224; Cole&#231;&#227;o Ant&#243;nio C&#226;ndido</marc:subfield></marc:datafield><marc:datafield ind1=" " ind2="0" tag="650"><marc:subfield code="a">Literature</marc:subfield><marc:subfield code="x">History and criticism</marc:subfield></marc:datafield><marc:datafield ind1=" " ind2="7" tag="650"><marc:subfield code="a">LITERATURA BRASILEIRA</marc:subfield><marc:subfield code="2">larpcal</marc:subfield></marc:datafield><marc:datafield ind1=" " ind2="7" tag="650"><marc:subfield code="a">CR&#205;TICA LITER&#193;RIA</marc:subfield><marc:subfield code="2">larpcal</marc:subfield></marc:datafield><marc:datafield ind1=" " ind2=" " tag="945"><marc:subfield code="a">L</marc:subfield><marc:subfield code="b">LIVRO</marc:subfield><marc:subfield code="c">01</marc:subfield></marc:datafield></marc:record>