<marc:record><marc:leader>01023nam  22003134a 45e0</marc:leader><marc:controlfield tag="005">$$a2001051410144</marc:controlfield><marc:controlfield tag="008">891221s1900    bl c          000 0 por d</marc:controlfield><marc:datafield ind1=" " ind2=" " tag="035"><marc:subfield code="a">(OCoLC)ocm20814020</marc:subfield></marc:datafield><marc:datafield ind1=" " ind2=" " tag="040"><marc:subfield code="a">ABC</marc:subfield><marc:subfield code="c">ABC</marc:subfield></marc:datafield><marc:datafield ind1="0" ind2=" " tag="041"><marc:subfield code="a">por</marc:subfield></marc:datafield><marc:datafield ind1=" " ind2=" " tag="044"><marc:subfield code="a">bl</marc:subfield></marc:datafield><marc:datafield ind1="0" ind2="4" tag="082"><marc:subfield code="a">841</marc:subfield></marc:datafield><marc:datafield ind1=" " ind2=" " tag="090"><marc:subfield code="a">PQ2191.F6</marc:subfield><marc:subfield code="b">P6 1900z</marc:subfield></marc:datafield><marc:datafield ind1="0" ind2=" " tag="092"><marc:subfield code="a">841</marc:subfield></marc:datafield><marc:datafield ind1="1" ind2=" " tag="100"><marc:subfield code="a">Baudelaire, Charles</marc:subfield><marc:subfield code="d">1821-1867</marc:subfield></marc:datafield><marc:datafield ind1="0" ind2="0" tag="240"><marc:subfield code="a">Les fleurs du mal</marc:subfield><marc:subfield code="l">Portuguese</marc:subfield></marc:datafield><marc:datafield ind1="1" ind2="0" tag="245"><marc:subfield code="a">Flores das Flores do mal de Baudelaire</marc:subfield><marc:subfield code="c">Guilherme de Almeida ; introdu&#231;&#227;o de Manuel Bandeira ; [ilustra&#231;&#245;es] de Quirino, Rodin</marc:subfield></marc:datafield><marc:datafield ind1=" " ind2=" " tag="260"><marc:subfield code="a">Rio de Janeiro</marc:subfield><marc:subfield code="b">Edi&#231;&#245;es de Ouro</marc:subfield><marc:subfield code="c">19--</marc:subfield></marc:datafield><marc:datafield ind1=" " ind2=" " tag="300"><marc:subfield code="a">196 p.</marc:subfield></marc:datafield><marc:datafield ind1="0" ind2=" " tag="490"><marc:subfield code="a">Cl&#225;ssicos de ouro</marc:subfield></marc:datafield><marc:datafield ind1=" " ind2=" " tag="500"><marc:subfield code="a">T&#237;tulo original: Les fleurs du mal</marc:subfield></marc:datafield><marc:datafield ind1=" " ind2=" " tag="534"><marc:subfield code="a">Edi&#231;&#227;o bil&#237;ngue em portugu&#234;s e franc&#234;s</marc:subfield></marc:datafield><marc:datafield ind1=" " ind2="7" tag="650"><marc:subfield code="a">LITERATURA FRANCESA</marc:subfield><marc:subfield code="2">larpcal</marc:subfield></marc:datafield><marc:datafield ind1=" " ind2="7" tag="650"><marc:subfield code="a">POESIA</marc:subfield><marc:subfield code="2">larpcal</marc:subfield></marc:datafield><marc:datafield ind1="1" ind2=" " tag="700"><marc:subfield code="a">Almeida, Guilherme de</marc:subfield><marc:subfield code="d">1890-1969</marc:subfield><marc:subfield code="4">trad</marc:subfield></marc:datafield><marc:datafield ind1="1" ind2=" " tag="700"><marc:subfield code="a">Bandeira, Manuel</marc:subfield><marc:subfield code="4">intr</marc:subfield></marc:datafield><marc:datafield ind1="1" ind2=" " tag="700"><marc:subfield code="a">Quirino</marc:subfield><marc:subfield code="4">il</marc:subfield></marc:datafield><marc:datafield ind1="1" ind2=" " tag="700"><marc:subfield code="a">Rodin, Auguste</marc:subfield><marc:subfield code="d">1840-1917</marc:subfield><marc:subfield code="4">il</marc:subfield></marc:datafield><marc:datafield ind1=" " ind2=" " tag="945"><marc:subfield code="a">L</marc:subfield><marc:subfield code="b">LIVRO</marc:subfield><marc:subfield code="c">01</marc:subfield></marc:datafield></marc:record>