<marc:record><marc:leader>00909aam  2200313 a 45e0</marc:leader><marc:controlfield tag="005">$$a1999092809413</marc:controlfield><marc:controlfield tag="008">970410s1995    bl a     c   s000 0 por  </marc:controlfield><marc:datafield ind1=" " ind2=" " tag="010"><marc:subfield code="a">96831429</marc:subfield></marc:datafield><marc:datafield ind1=" " ind2=" " tag="035"><marc:subfield code="a">(OCoLC)ocm36726802</marc:subfield><marc:subfield code="z">FFLCH</marc:subfield></marc:datafield><marc:datafield ind1=" " ind2=" " tag="040"><marc:subfield code="a">DLC</marc:subfield><marc:subfield code="c">DLC</marc:subfield></marc:datafield><marc:datafield ind1="0" ind2=" " tag="041"><marc:subfield code="a">por</marc:subfield></marc:datafield><marc:datafield ind1=" " ind2=" " tag="042"><marc:subfield code="a">lcode</marc:subfield></marc:datafield><marc:datafield ind1=" " ind2=" " tag="043"><marc:subfield code="a">s-bl---</marc:subfield></marc:datafield><marc:datafield ind1=" " ind2=" " tag="044"><marc:subfield code="a">bl</marc:subfield></marc:datafield><marc:datafield ind1="0" ind2="0" tag="050"><marc:subfield code="a">F2581</marc:subfield><marc:subfield code="b">.M87 1995</marc:subfield></marc:datafield><marc:datafield ind1="0" ind2="0" tag="082"><marc:subfield code="a">981/.51</marc:subfield><marc:subfield code="2">21</marc:subfield></marc:datafield><marc:datafield ind1="0" ind2=" " tag="092"><marc:subfield code="a">708.981321</marc:subfield></marc:datafield><marc:datafield ind1="2" ind2=" " tag="110"><marc:subfield code="a">Museu da Inconfid&#234;ncia (Ouro Preto)</marc:subfield></marc:datafield><marc:datafield ind1="1" ind2="2" tag="245"><marc:subfield code="a">O Museu da Inconfid&#234;ncia</marc:subfield><marc:subfield code="c">[editor, Rui Mour&#227;o]</marc:subfield></marc:datafield><marc:datafield ind1="1" ind2="4" tag="246"><marc:subfield code="a">Inconfid&#234;ncia</marc:subfield></marc:datafield><marc:datafield ind1=" " ind2=" " tag="260"><marc:subfield code="a">S&#227;o Paulo</marc:subfield><marc:subfield code="b">Banco Safra</marc:subfield><marc:subfield code="c">1995</marc:subfield></marc:datafield><marc:datafield ind1=" " ind2=" " tag="300"><marc:subfield code="a">351 p</marc:subfield><marc:subfield code="b">col. il</marc:subfield><marc:subfield code="c">29 cm</marc:subfield></marc:datafield><marc:datafield ind1="2" ind2="0" tag="610"><marc:subfield code="a">Museu da Inconfid&#234;ncia (Ouro Preto)</marc:subfield></marc:datafield><marc:datafield ind1=" " ind2="7" tag="650"><marc:subfield code="a">MUSEUS DE HIST&#211;RIA</marc:subfield><marc:subfield code="z">MINAS GERAIS</marc:subfield><marc:subfield code="2">larpcal</marc:subfield></marc:datafield><marc:datafield ind1=" " ind2="7" tag="650"><marc:subfield code="a">INCONFID&#202;NCIA MINEIRA</marc:subfield><marc:subfield code="2">larpcal</marc:subfield></marc:datafield><marc:datafield ind1=" " ind2="7" tag="650"><marc:subfield code="a">CAT&#193;LOGOS</marc:subfield><marc:subfield code="2">larpcal</marc:subfield></marc:datafield><marc:datafield ind1=" " ind2="7" tag="650"><marc:subfield code="a">ACERVO MUSEOL&#211;GICO</marc:subfield><marc:subfield code="2">larpcal</marc:subfield></marc:datafield><marc:datafield ind1="1" ind2=" " tag="700"><marc:subfield code="a">Mour&#227;o, Rui</marc:subfield><marc:subfield code="4">ed</marc:subfield></marc:datafield><marc:datafield ind1=" " ind2=" " tag="945"><marc:subfield code="a">L</marc:subfield><marc:subfield code="b">LIVRO</marc:subfield><marc:subfield code="c">01</marc:subfield></marc:datafield></marc:record>