<marc:record><marc:leader>00785nam  2200217K  45e0</marc:leader><marc:controlfield tag="005">20190531174400.0</marc:controlfield><marc:controlfield tag="008">890717s1881    bl            000 0 por d</marc:controlfield><marc:datafield ind1=" " ind2=" " tag="035"><marc:subfield code="a">(OCoLC)ocm20024195</marc:subfield></marc:datafield><marc:datafield ind1=" " ind2=" " tag="040"><marc:subfield code="a">OLC</marc:subfield><marc:subfield code="c">USP/SIBI</marc:subfield></marc:datafield><marc:datafield ind1="0" ind2=" " tag="041"><marc:subfield code="a">por</marc:subfield></marc:datafield><marc:datafield ind1=" " ind2=" " tag="044"><marc:subfield code="a">bl</marc:subfield></marc:datafield><marc:datafield ind1="1" ind2=" " tag="100"><marc:subfield code="a">Grivet, Charles Adrien Olivier</marc:subfield><marc:subfield code="d">1816-1876</marc:subfield></marc:datafield><marc:datafield ind1="1" ind2="0" tag="245"><marc:subfield code="a">Nova grammatica analytica da lingua portugueza</marc:subfield><marc:subfield code="c">A.Grivet</marc:subfield></marc:datafield><marc:datafield ind1="1" ind2="3" tag="246"><marc:subfield code="a">Nova gram&#225;tica an&#225;litica da lingua portuguesa</marc:subfield></marc:datafield><marc:datafield ind1=" " ind2=" " tag="260"><marc:subfield code="a">Rio de Janeiro</marc:subfield><marc:subfield code="b">Typ. de G. Leuzinger e filhos</marc:subfield><marc:subfield code="c">1881</marc:subfield></marc:datafield><marc:datafield ind1=" " ind2=" " tag="300"><marc:subfield code="a">626 p</marc:subfield><marc:subfield code="c">24 cm</marc:subfield></marc:datafield><marc:datafield ind1=" " ind2="7" tag="650"><marc:subfield code="a">FILOLOGIA</marc:subfield><marc:subfield code="2">larpcal</marc:subfield></marc:datafield><marc:datafield ind1=" " ind2="7" tag="650"><marc:subfield code="a">L&#205;NGUA PORTUGUESA (GRAM&#193;TICA)</marc:subfield><marc:subfield code="2">larpcal</marc:subfield></marc:datafield><marc:datafield ind1=" " ind2="7" tag="650"><marc:subfield code="a">LINGU&#205;STICA HIST&#211;RICA</marc:subfield><marc:subfield code="2">larpcal</marc:subfield></marc:datafield><marc:datafield ind1="4" ind2="1" tag="856"><marc:subfield code="z">Clique aqui para ter acesso &#224; obra na BBM Digital</marc:subfield><marc:subfield code="u">https://digital.bbm.usp.br/handle/bbm/7507</marc:subfield></marc:datafield><marc:datafield ind1=" " ind2=" " tag="945"><marc:subfield code="a">L</marc:subfield><marc:subfield code="b">LIVRO</marc:subfield><marc:subfield code="c">01</marc:subfield></marc:datafield></marc:record>