<marc:record><marc:leader>01110nam   200289Ia 45  </marc:leader><marc:controlfield tag="005">20161107163100.0</marc:controlfield><marc:controlfield tag="008">      s1999    bl            000 0 por d</marc:controlfield><marc:datafield ind1=" " ind2=" " tag="020"><marc:subfield code="a">858556217X</marc:subfield></marc:datafield><marc:datafield ind1=" " ind2=" " tag="035"><marc:subfield code="z">FFLCH</marc:subfield></marc:datafield><marc:datafield ind1=" " ind2=" " tag="040"><marc:subfield code="a">USP/SIBI</marc:subfield></marc:datafield><marc:datafield ind1="0" ind2=" " tag="041"><marc:subfield code="a">por</marc:subfield></marc:datafield><marc:datafield ind1=" " ind2=" " tag="044"><marc:subfield code="a">bl</marc:subfield></marc:datafield><marc:datafield ind1="0" ind2=" " tag="092"><marc:subfield code="a">981.0722</marc:subfield></marc:datafield><marc:datafield ind1="1" ind2=" " tag="100"><marc:subfield code="a">Paula, Jeziel de</marc:subfield></marc:datafield><marc:datafield ind1="1" ind2="0" tag="245"><marc:subfield code="a">1932</marc:subfield><marc:subfield code="b">imagens construindo a Hist&#243;ria</marc:subfield><marc:subfield code="c">Jeziel de Paula</marc:subfield></marc:datafield><marc:datafield ind1=" " ind2=" " tag="246"><marc:subfield code="a">Mil novecentos e trinta e dois</marc:subfield></marc:datafield><marc:datafield ind1=" " ind2=" " tag="260"><marc:subfield code="a">Campinas</marc:subfield><marc:subfield code="b">Ed. da Unicamp</marc:subfield><marc:subfield code="c">1999</marc:subfield><marc:subfield code="a">Piracicaba</marc:subfield><marc:subfield code="b">Ed. Unimep</marc:subfield></marc:datafield><marc:datafield ind1=" " ind2=" " tag="300"><marc:subfield code="a">310 p.</marc:subfield><marc:subfield code="b">il.</marc:subfield></marc:datafield><marc:datafield ind1=" " ind2=" " tag="490"><marc:subfield code="a">Tempo &amp; mem&#243;ria</marc:subfield><marc:subfield code="v">7</marc:subfield></marc:datafield><marc:datafield ind1=" " ind2=" " tag="500"><marc:subfield code="a">Originalmente apresentado como disserta&#231;&#227;o de mestrado, Instituto de Filosofia e Ci&#234;ncias Humanas/Unicamp, 1996, com o t&#237;tulo: Imagens construindo a hist&#243;ria: a fotografia na difus&#227;o do imagin&#225;rio constitucionalista de 32</marc:subfield></marc:datafield><marc:datafield ind1=" " ind2=" " tag="500"><marc:subfield code="a">2&#170; tiragem da 1&#170; edi&#231;&#227;o de 1998</marc:subfield></marc:datafield><marc:datafield ind1=" " ind2=" " tag="504"><marc:subfield code="a">Bibliografia</marc:subfield></marc:datafield><marc:datafield ind1=" " ind2=" " tag="590"><marc:subfield code="a">Livro em processamento na Biblioteca da FFLCH - Letras</marc:subfield></marc:datafield><marc:datafield ind1=" " ind2="7" tag="650"><marc:subfield code="a">HIST&#211;RIA DO BRASIL</marc:subfield><marc:subfield code="z">S&#195;O PAULO</marc:subfield><marc:subfield code="2">larpcal</marc:subfield></marc:datafield><marc:datafield ind1=" " ind2="7" tag="650"><marc:subfield code="a">REVOLU&#199;&#195;O DE 1932</marc:subfield><marc:subfield code="2">larpcal</marc:subfield></marc:datafield><marc:datafield ind1=" " ind2="7" tag="650"><marc:subfield code="a">FOTOGRAFIA DOCUMENT&#193;RIA</marc:subfield><marc:subfield code="2">larpcal</marc:subfield></marc:datafield><marc:datafield ind1=" " ind2=" " tag="945"><marc:subfield code="a">L</marc:subfield><marc:subfield code="b">LIVRO</marc:subfield><marc:subfield code="c">01</marc:subfield></marc:datafield></marc:record>