<marc:record><marc:leader>01149nam   200229Ia 45  </marc:leader><marc:controlfield tag="005">20161107163100.0</marc:controlfield><marc:controlfield tag="008">000229s1947    bl            000 0 por d</marc:controlfield><marc:datafield ind1=" " ind2=" " tag="040"><marc:subfield code="a">USP/SIBI</marc:subfield></marc:datafield><marc:datafield ind1="0" ind2=" " tag="041"><marc:subfield code="a">por</marc:subfield></marc:datafield><marc:datafield ind1=" " ind2=" " tag="044"><marc:subfield code="a">bl</marc:subfield></marc:datafield><marc:datafield ind1="1" ind2=" " tag="100"><marc:subfield code="a">Tom&#225;s de Aquino</marc:subfield><marc:subfield code="c">Santo</marc:subfield><marc:subfield code="d">1225?-1274</marc:subfield></marc:datafield><marc:datafield ind1="1" ind2="0" tag="242"><marc:subfield code="a">Summa theologiae</marc:subfield></marc:datafield><marc:datafield ind1="1" ind2="0" tag="245"><marc:subfield code="a">Suma teol&#243;gica</marc:subfield><marc:subfield code="c">S. Tom&#225;s de Aquino</marc:subfield></marc:datafield><marc:datafield ind1=" " ind2=" " tag="260"><marc:subfield code="a">S&#227;o Paulo</marc:subfield><marc:subfield code="b">Siqueira</marc:subfield><marc:subfield code="c">1947-1962</marc:subfield></marc:datafield><marc:datafield ind1=" " ind2=" " tag="300"><marc:subfield code="a">v.</marc:subfield></marc:datafield><marc:datafield ind1=" " ind2=" " tag="590"><marc:subfield code="a">A biblioteca da FEA possui: v.2,3,5,6,7,8,11 e 13</marc:subfield></marc:datafield><marc:datafield ind1="0" ind2="0" tag="505"><marc:subfield code="a">Conte&#250;do: v. 2. Da opera&#231;&#227;o de Deus ( 1962 ) -- v. 3. Da process&#227;o e da distin&#231;&#227;o das criaturas (1962) -- v. 5. Da criatura puramente espiritual (os anjos) (1947) -- v. 6. Da criatura puramente corp&#243;rea (obra dos seis dias) a cria&#231;&#227;o (1947) -- v. 7. Do homem considerado na sua alma ( 1947 ) -- v. 8. Das opera&#231;&#245;es da alma ( 1948 ) -- v. 11. Do fim &#250;ltimo em geral e da beatitude e da condi&#231;&#227;o dos actos humanos (1949) -- v. 13. Dos h&#225;bitos em geral das virtudes (1954)</marc:subfield></marc:datafield><marc:datafield ind1=" " ind2="7" tag="650"><marc:subfield code="a">FILOSOFIA MEDIEVAL</marc:subfield><marc:subfield code="2">larpcal</marc:subfield></marc:datafield><marc:datafield ind1=" " ind2="7" tag="650"><marc:subfield code="a">FILOSOFIA CRIST&#195;</marc:subfield><marc:subfield code="2">larpcal</marc:subfield></marc:datafield><marc:datafield ind1=" " ind2="7" tag="650"><marc:subfield code="a">FILOSOFIA ESCOL&#193;STICA</marc:subfield><marc:subfield code="2">larpcal</marc:subfield></marc:datafield><marc:datafield ind1="1" ind2=" " tag="700"><marc:subfield code="a">Correia, Alexandre</marc:subfield><marc:subfield code="4">trad</marc:subfield></marc:datafield><marc:datafield ind1=" " ind2=" " tag="945"><marc:subfield code="a">L</marc:subfield><marc:subfield code="b">LIVRO</marc:subfield><marc:subfield code="c">01</marc:subfield></marc:datafield></marc:record>