<marc:record><marc:leader>00966nam   200241Ia 45  </marc:leader><marc:controlfield tag="005">20110814005500.0</marc:controlfield><marc:controlfield tag="008">      s1999    bl            000 0 por d</marc:controlfield><marc:datafield ind1=" " ind2=" " tag="040"><marc:subfield code="a">USP/SIBI</marc:subfield></marc:datafield><marc:datafield ind1="0" ind2=" " tag="041"><marc:subfield code="a">por</marc:subfield></marc:datafield><marc:datafield ind1=" " ind2=" " tag="044"><marc:subfield code="a">bl</marc:subfield></marc:datafield><marc:datafield ind1="0" ind2=" " tag="092"><marc:subfield code="a">305.48098141</marc:subfield></marc:datafield><marc:datafield ind1="1" ind2=" " tag="100"><marc:subfield code="a">Hilsdorf, Maria L&#250;cia Spedo</marc:subfield></marc:datafield><marc:datafield ind1="1" ind2="0" tag="245"><marc:subfield code="a">Tempos de escola</marc:subfield><marc:subfield code="b">fontes para a presen&#231;a feminina na educa&#231;&#227;o: S&#227;o Paulo - S&#233;culo XIX</marc:subfield><marc:subfield code="c">Maria L&#250;cia Spedo Hilsdorf</marc:subfield></marc:datafield><marc:datafield ind1=" " ind2=" " tag="260"><marc:subfield code="a">S&#227;o Paulo</marc:subfield><marc:subfield code="b">Editora Pl&#234;iade</marc:subfield><marc:subfield code="c">1999</marc:subfield></marc:datafield><marc:datafield ind1=" " ind2=" " tag="300"><marc:subfield code="a">189p.</marc:subfield><marc:subfield code="b">maps.</marc:subfield><marc:subfield code="c">28 cm</marc:subfield></marc:datafield><marc:datafield ind1=" " ind2=" " tag="504"><marc:subfield code="a">Bibliografia</marc:subfield></marc:datafield><marc:datafield ind1="0" ind2=" " tag="505"><marc:subfield code="a">Conte&#250;do: v.1 - Almanaques, anu&#225;rios e jornais avulsos do Arquivo do Estado de S&#227;o Paulo e do Instituto de Estudos Brasileiros / USP</marc:subfield></marc:datafield><marc:datafield ind1=" " ind2="7" tag="650"><marc:subfield code="a">EDUCA&#199;&#195;O</marc:subfield><marc:subfield code="z">BRASIL</marc:subfield><marc:subfield code="2">larpcal</marc:subfield></marc:datafield><marc:datafield ind1=" " ind2="7" tag="650"><marc:subfield code="a">MULHERES</marc:subfield><marc:subfield code="2">larpcal</marc:subfield></marc:datafield><marc:datafield ind1="2" ind2=" " tag="710"><marc:subfield code="a">Arquivo do Estado (S&#227;o Paulo)</marc:subfield></marc:datafield><marc:datafield ind1="2" ind2=" " tag="710"><marc:subfield code="a">Universidade de S&#227;o Paulo. Instituto de Estudos Brasileiros</marc:subfield></marc:datafield><marc:datafield ind1="2" ind2=" " tag="710"><marc:subfield code="a">Universidade de S&#227;o Paulo. Centro de Mem&#243;ria da Educa&#231;&#227;o - FEUSP</marc:subfield></marc:datafield><marc:datafield ind1=" " ind2=" " tag="945"><marc:subfield code="a">L</marc:subfield><marc:subfield code="b">LIVRO</marc:subfield><marc:subfield code="c">01</marc:subfield></marc:datafield></marc:record>