<marc:record><marc:leader>01315aam  2200349 a 45e0</marc:leader><marc:controlfield tag="005">$$a2000070718102</marc:controlfield><marc:controlfield tag="008">980115s1997    bl       b    000 0 por  </marc:controlfield><marc:datafield ind1=" " ind2=" " tag="010"><marc:subfield code="a">97832880</marc:subfield></marc:datafield><marc:datafield ind1=" " ind2=" " tag="020"><marc:subfield code="a">8527103915</marc:subfield></marc:datafield><marc:datafield ind1=" " ind2=" " tag="035"><marc:subfield code="a">(OCoLC)ocm38216160</marc:subfield><marc:subfield code="z">FFLCH</marc:subfield></marc:datafield><marc:datafield ind1=" " ind2=" " tag="040"><marc:subfield code="a">DLC</marc:subfield><marc:subfield code="c">DLC</marc:subfield></marc:datafield><marc:datafield ind1="0" ind2=" " tag="041"><marc:subfield code="a">por</marc:subfield></marc:datafield><marc:datafield ind1=" " ind2=" " tag="042"><marc:subfield code="a">lcode</marc:subfield></marc:datafield><marc:datafield ind1=" " ind2=" " tag="043"><marc:subfield code="a">s-bl---</marc:subfield></marc:datafield><marc:datafield ind1=" " ind2=" " tag="044"><marc:subfield code="a">bl</marc:subfield></marc:datafield><marc:datafield ind1="0" ind2="0" tag="050"><marc:subfield code="a">F2537</marc:subfield><marc:subfield code="b">.V48 1997</marc:subfield></marc:datafield><marc:datafield ind1="0" ind2=" " tag="092"><marc:subfield code="a">901</marc:subfield></marc:datafield><marc:datafield ind1="1" ind2=" " tag="100"><marc:subfield code="a">Vesentini, Carlos Alberto</marc:subfield><marc:subfield code="d">d. 1990</marc:subfield></marc:datafield><marc:datafield ind1="1" ind2="2" tag="245"><marc:subfield code="a">A teia do fato</marc:subfield><marc:subfield code="b">uma proposta de estudo sobre a mem&#243;ria hist&#243;rica</marc:subfield><marc:subfield code="c">Carlos Alberto Vesentini</marc:subfield></marc:datafield><marc:datafield ind1=" " ind2=" " tag="260"><marc:subfield code="a">S&#227;o Paulo</marc:subfield><marc:subfield code="b">Editora Hucitec</marc:subfield><marc:subfield code="b">USP, Historia Social</marc:subfield><marc:subfield code="c">1997</marc:subfield></marc:datafield><marc:datafield ind1=" " ind2=" " tag="300"><marc:subfield code="a">219 p.</marc:subfield><marc:subfield code="c">21 cm</marc:subfield></marc:datafield><marc:datafield ind1="1" ind2=" " tag="490"><marc:subfield code="a">S&#233;rie Teses</marc:subfield><marc:subfield code="v">1. v</marc:subfield></marc:datafield><marc:datafield ind1=" " ind2=" " tag="500"><marc:subfield code="a">Originally presented as the author\'s thesis (doctoral)--Universidade de S&#227;o Paulo, 1982</marc:subfield></marc:datafield><marc:datafield ind1=" " ind2=" " tag="504"><marc:subfield code="a">Includes bibliographical references (p. 215-219)</marc:subfield></marc:datafield><marc:datafield ind1=" " ind2=" " tag="590"><marc:subfield code="a">Livro em processamento na Biblioteca da FFLCH - Letras</marc:subfield></marc:datafield><marc:datafield ind1=" " ind2="7" tag="650"><marc:subfield code="a">HIST&#211;RIA DO BRASIL (POL&#205;TICA)</marc:subfield><marc:subfield code="2">larpcal</marc:subfield></marc:datafield><marc:datafield ind1=" " ind2="7" tag="650"><marc:subfield code="a">HISTORIA DO BRASIL (HISTORIOGRAFIA)</marc:subfield><marc:subfield code="2">larpcal</marc:subfield></marc:datafield><marc:datafield ind1=" " ind2="0" tag="651"><marc:subfield code="a">Brazil</marc:subfield><marc:subfield code="x">Politics and government</marc:subfield><marc:subfield code="y">1889-1930</marc:subfield><marc:subfield code="x">Historiography</marc:subfield></marc:datafield><marc:datafield ind1=" " ind2="0" tag="651"><marc:subfield code="a">Brazil</marc:subfield><marc:subfield code="x">Politics and government</marc:subfield><marc:subfield code="y">1930-1945</marc:subfield><marc:subfield code="x">Historiography</marc:subfield></marc:datafield><marc:datafield ind1=" " ind2="0" tag="651"><marc:subfield code="a">Brazil</marc:subfield><marc:subfield code="x">History</marc:subfield><marc:subfield code="y">Revolution, 1930</marc:subfield><marc:subfield code="x">Historiography</marc:subfield></marc:datafield><marc:datafield ind1=" " ind2="0" tag="830"><marc:subfield code="a">Srie Teses (So Paulo, Brazil)</marc:subfield><marc:subfield code="v">1</marc:subfield></marc:datafield><marc:datafield ind1=" " ind2=" " tag="945"><marc:subfield code="a">L</marc:subfield><marc:subfield code="b">LIVRO</marc:subfield><marc:subfield code="c">01</marc:subfield></marc:datafield></marc:record>