<marc:record><marc:leader>01337nam   200349Ia 45  </marc:leader><marc:controlfield tag="005">20200820100000.0</marc:controlfield><marc:controlfield tag="008">000804s2000    po ao         000 0 por d</marc:controlfield><marc:datafield ind1=" " ind2=" " tag="020"><marc:subfield code="a">9727870147</marc:subfield></marc:datafield><marc:datafield ind1=" " ind2=" " tag="040"><marc:subfield code="a">USP/SIBI</marc:subfield></marc:datafield><marc:datafield ind1="0" ind2=" " tag="041"><marc:subfield code="a">por</marc:subfield></marc:datafield><marc:datafield ind1=" " ind2=" " tag="044"><marc:subfield code="a">po</marc:subfield></marc:datafield><marc:datafield ind1="0" ind2=" " tag="092"><marc:subfield code="a">707.4</marc:subfield></marc:datafield><marc:datafield ind1="1" ind2=" " tag="100"><marc:subfield code="a">Museu do Chiado (Lisboa)</marc:subfield></marc:datafield><marc:datafield ind1="1" ind2="0" tag="245"><marc:subfield code="a">Olhares modernistas</marc:subfield><marc:subfield code="c">coordena&#231;&#227;o Ana Maria Rodrigues; textos Aracy et al</marc:subfield></marc:datafield><marc:datafield ind1=" " ind2=" " tag="260"><marc:subfield code="a">Lisboa</marc:subfield><marc:subfield code="b">Comiss&#227;o Nacional para as Comemora&#231;&#245;es dos Descobrimentos Portugueses</marc:subfield><marc:subfield code="c">2000</marc:subfield></marc:datafield><marc:datafield ind1=" " ind2=" " tag="300"><marc:subfield code="a">179 p</marc:subfield><marc:subfield code="b">il. ; fots.</marc:subfield><marc:subfield code="c">31 cm</marc:subfield></marc:datafield><marc:datafield ind1=" " ind2=" " tag="500"><marc:subfield code="a">Acima do t&#237;tulo: Brasil-brasis cousas not&#225;veis e espantosas</marc:subfield></marc:datafield><marc:datafield ind1=" " ind2=" " tag="500"><marc:subfield code="a">Cronologia</marc:subfield></marc:datafield><marc:datafield ind1=" " ind2=" " tag="590"><marc:subfield code="a">O exemplar da BBM possui carta de Ana Maria Rodrigues a Jos&#233; Mindlin e cat&#225;logo de exposi&#231;&#227;o, ver dossi&#234; n.739</marc:subfield></marc:datafield><marc:datafield ind1=" " ind2="7" tag="650"><marc:subfield code="a">MODERNISMO</marc:subfield><marc:subfield code="2">larpcal</marc:subfield></marc:datafield><marc:datafield ind1=" " ind2="7" tag="650"><marc:subfield code="a">MODERNISMO (LITERATURA)</marc:subfield><marc:subfield code="2">larpcal</marc:subfield></marc:datafield><marc:datafield ind1=" " ind2="7" tag="650"><marc:subfield code="a">ACERVO MUSEOL&#211;GICO</marc:subfield><marc:subfield code="2">larpcal</marc:subfield></marc:datafield><marc:datafield ind1="1" ind2=" " tag="700"><marc:subfield code="a">Fialdini, R&#244;mulo</marc:subfield><marc:subfield code="4">fotog</marc:subfield></marc:datafield><marc:datafield ind1="1" ind2=" " tag="700"><marc:subfield code="a">Rodrigues, Ana Maria</marc:subfield><marc:subfield code="4">coord</marc:subfield></marc:datafield><marc:datafield ind1="1" ind2=" " tag="700"><marc:subfield code="a">Amaral, Aracy A.</marc:subfield><marc:subfield code="d">1930-</marc:subfield><marc:subfield code="4">text</marc:subfield></marc:datafield><marc:datafield ind1="1" ind2=" " tag="700"><marc:subfield code="a">Saliba, Elias Thom&#233;</marc:subfield><marc:subfield code="4">text</marc:subfield></marc:datafield><marc:datafield ind1="1" ind2=" " tag="700"><marc:subfield code="a">Fran&#231;a, Jos&#233;-Augusto</marc:subfield><marc:subfield code="4">text</marc:subfield></marc:datafield><marc:datafield ind1="1" ind2=" " tag="700"><marc:subfield code="a">Meihy, Jos&#233; Carlos Sebe Bom</marc:subfield><marc:subfield code="4">text</marc:subfield><marc:subfield code="d">1943-</marc:subfield></marc:datafield><marc:datafield ind1="1" ind2=" " tag="700"><marc:subfield code="a">Batista, Marta Rossetti</marc:subfield><marc:subfield code="4">text</marc:subfield></marc:datafield><marc:datafield ind1="1" ind2=" " tag="700"><marc:subfield code="a">Ar&#234;as, Vilma</marc:subfield><marc:subfield code="4">text</marc:subfield><marc:subfield code="d">1936-</marc:subfield></marc:datafield><marc:datafield ind1="2" ind2=" " tag="710"><marc:subfield code="a">Universidade de S&#227;o Paulo. Instituto de Estudos Brasileiros</marc:subfield></marc:datafield><marc:datafield ind1=" " ind2=" " tag="945"><marc:subfield code="a">L</marc:subfield><marc:subfield code="b">LIVRO</marc:subfield><marc:subfield code="c">01</marc:subfield></marc:datafield></marc:record>