<marc:record><marc:leader>00891nam   200277Ia 45  </marc:leader><marc:controlfield tag="005">20190516153800.0</marc:controlfield><marc:controlfield tag="008">000829s1998    bl            000 0 por d</marc:controlfield><marc:datafield ind1=" " ind2=" " tag="020"><marc:subfield code="a">857139220X</marc:subfield></marc:datafield><marc:datafield ind1=" " ind2=" " tag="040"><marc:subfield code="a">USP/SIBI</marc:subfield></marc:datafield><marc:datafield ind1="0" ind2=" " tag="041"><marc:subfield code="a">por</marc:subfield></marc:datafield><marc:datafield ind1=" " ind2=" " tag="044"><marc:subfield code="a">bl</marc:subfield></marc:datafield><marc:datafield ind1=" " ind2="9" tag="099"><marc:subfield code="a">301.412</marc:subfield></marc:datafield><marc:datafield ind1="1" ind2=" " tag="100"><marc:subfield code="a">Perrot, Michelle</marc:subfield></marc:datafield><marc:datafield ind1="1" ind2="0" tag="245"><marc:subfield code="a">Mulheres p&#250;blicas</marc:subfield><marc:subfield code="c">Michelle Perrot ; tradu&#231;&#227;o Roberto Leal Ferreira</marc:subfield></marc:datafield><marc:datafield ind1=" " ind2=" " tag="260"><marc:subfield code="a">[S&#227;o Paulo]</marc:subfield><marc:subfield code="b">Editora UNESP</marc:subfield><marc:subfield code="c">1998</marc:subfield></marc:datafield><marc:datafield ind1=" " ind2=" " tag="300"><marc:subfield code="a">159 p</marc:subfield></marc:datafield><marc:datafield ind1="0" ind2=" " tag="490"><marc:subfield code="a">Prismas</marc:subfield></marc:datafield><marc:datafield ind1=" " ind2=" " tag="500"><marc:subfield code="a">Este trabalho foi realizado a partir de entrevistas com Jean Lebrun</marc:subfield></marc:datafield><marc:datafield ind1=" " ind2=" " tag="500"><marc:subfield code="a">2&#170; reimpress&#227;o</marc:subfield></marc:datafield><marc:datafield ind1=" " ind2=" " tag="590"><marc:subfield code="a">Os exemplares da FE-BE s&#227;o de acesso restrito &#224; Escola de Aplica&#231;&#227;o</marc:subfield></marc:datafield><marc:datafield ind1="1" ind2="4" tag="600"><marc:subfield code="a">Lebrun, Jean</marc:subfield><marc:subfield code="d">1950-</marc:subfield></marc:datafield><marc:datafield ind1=" " ind2="7" tag="650"><marc:subfield code="a">MULHERES</marc:subfield><marc:subfield code="2">larpcal</marc:subfield></marc:datafield><marc:datafield ind1=" " ind2="7" tag="650"><marc:subfield code="a">HIST&#211;RIA MODERNA (SOCIEDADE)</marc:subfield><marc:subfield code="2">larpcal</marc:subfield></marc:datafield><marc:datafield ind1=" " ind2="7" tag="650"><marc:subfield code="a">DESENVOLVIMENTO SOCIAL</marc:subfield><marc:subfield code="2">larpcal</marc:subfield></marc:datafield><marc:datafield ind1="1" ind2=" " tag="700"><marc:subfield code="a">Ferreira, Roberto Leal</marc:subfield><marc:subfield code="4">trad</marc:subfield></marc:datafield><marc:datafield ind1=" " ind2=" " tag="945"><marc:subfield code="a">L</marc:subfield><marc:subfield code="b">LIVRO</marc:subfield><marc:subfield code="c">01</marc:subfield></marc:datafield></marc:record>