<marc:record><marc:leader>01807nam   200301Ia 45  </marc:leader><marc:controlfield tag="005">20200727190800.0</marc:controlfield><marc:controlfield tag="008">001003s2000    bl            000 0 por d</marc:controlfield><marc:datafield ind1=" " ind2=" " tag="020"><marc:subfield code="a">8531405246</marc:subfield></marc:datafield><marc:datafield ind1=" " ind2=" " tag="040"><marc:subfield code="a">USP/SIBI</marc:subfield></marc:datafield><marc:datafield ind1="0" ind2=" " tag="041"><marc:subfield code="a">por</marc:subfield></marc:datafield><marc:datafield ind1=" " ind2=" " tag="044"><marc:subfield code="a">bl</marc:subfield></marc:datafield><marc:datafield ind1="0" ind2=" " tag="092"><marc:subfield code="a">324.0981</marc:subfield></marc:datafield><marc:datafield ind1="0" ind2="1" tag="098"><marc:subfield code="a">301.152.4(81)</marc:subfield></marc:datafield><marc:datafield ind1="1" ind2=" " tag="100"><marc:subfield code="a">Singer, Andr&#233; Vitor</marc:subfield></marc:datafield><marc:datafield ind1="1" ind2="0" tag="245"><marc:subfield code="a">Esquerda e direita no eleitorado brasileiro</marc:subfield><marc:subfield code="b">a identifica&#231;&#227;o ideol&#243;gica nas disputas presidenciais de 1989 e 1994</marc:subfield><marc:subfield code="c">Andr&#233; Singer</marc:subfield></marc:datafield><marc:datafield ind1=" " ind2=" " tag="260"><marc:subfield code="a">S&#227;o Paulo</marc:subfield><marc:subfield code="b">EDUSP</marc:subfield><marc:subfield code="c">2000</marc:subfield></marc:datafield><marc:datafield ind1=" " ind2=" " tag="300"><marc:subfield code="a">203 p</marc:subfield><marc:subfield code="b">il</marc:subfield></marc:datafield><marc:datafield ind1=" " ind2=" " tag="500"><marc:subfield code="a">Originalmente apresentado como tese de doutorado &#224; Universidade de S&#227;o Paulo, 1998</marc:subfield></marc:datafield><marc:datafield ind1=" " ind2=" " tag="504"><marc:subfield code="a">Inclui bibliografia</marc:subfield></marc:datafield><marc:datafield ind1="2" ind2=" " tag="505"><marc:subfield code="a">O que &#233; identifica&#231;&#227;o ideol&#243;gica?: a bibliografia interncional sobre ideologia e voto. Bibliografia brasileira -- O confronto esquerda-direita no pleito de 1989 -- Ideologia e economia na decis&#227;o de 1994 -- Estabilidade e conte&#250;do da identifica&#231;&#227;o ideol&#243;gica: o que &#233; esquerda e direita -- Anexo 1: tabelas com o resultado das elei&#231;&#245;es de 1989 e 1994 para presidente -- Anexo 2: Tabela com votos nos dois candidatos mais votados em 1994 por prefer&#234;ncia partid&#225;ria -- Anexo 3: tabelas com autolocaliza&#231;&#227;o na escala direita - esquerda nas elei&#231;&#245;es para Presidente da Rep&#250;blica de 1994 e 1989</marc:subfield></marc:datafield><marc:datafield ind1=" " ind2=" " tag="520"><marc:subfield code="a">Trata da motiva&#231;&#227;o ideol&#243;gica consusbstanciada nos polos direita / esquerda como fator principal na decis&#227;o do voto do eleitor brasileiro nas elei&#231;&#245;es para Presidente da Rep&#250;blica nos anos de 1994 e 1989</marc:subfield></marc:datafield><marc:datafield ind1=" " ind2="7" tag="650"><marc:subfield code="a">ELEI&#199;&#213;ES (DIREITO)</marc:subfield><marc:subfield code="2">larpcal</marc:subfield></marc:datafield><marc:datafield ind1=" " ind2="7" tag="650"><marc:subfield code="a">ELEI&#199;&#195;O PRESIDENCIAL</marc:subfield><marc:subfield code="2">larpcal</marc:subfield></marc:datafield><marc:datafield ind1=" " ind2="7" tag="650"><marc:subfield code="a">PARTIDOS POL&#205;TICOS (PROCESSO POL&#205;TICO)</marc:subfield><marc:subfield code="2">larpcal</marc:subfield></marc:datafield><marc:datafield ind1=" " ind2="7" tag="650"><marc:subfield code="a">POL&#205;TICA</marc:subfield><marc:subfield code="z">BRASIL</marc:subfield><marc:subfield code="2">larpcal</marc:subfield></marc:datafield><marc:datafield ind1=" " ind2="7" tag="650"><marc:subfield code="a">IDEOLOGIA POL&#205;TICA</marc:subfield><marc:subfield code="2">larpcal</marc:subfield></marc:datafield><marc:datafield ind1=" " ind2="7" tag="650"><marc:subfield code="a">ELEITORADO</marc:subfield><marc:subfield code="2">larpcal</marc:subfield></marc:datafield><marc:datafield ind1=" " ind2=" " tag="945"><marc:subfield code="a">L</marc:subfield><marc:subfield code="b">LIVRO</marc:subfield><marc:subfield code="c">01</marc:subfield></marc:datafield></marc:record>