<marc:record><marc:leader>01314cam  2200325Ia 45e0</marc:leader><marc:controlfield tag="005">$$a2000112308523</marc:controlfield><marc:controlfield tag="008">001101s2000    bl a     b    001 0 por d</marc:controlfield><marc:datafield ind1=" " ind2=" " tag="020"><marc:subfield code="a">8535900284</marc:subfield></marc:datafield><marc:datafield ind1=" " ind2=" " tag="035"><marc:subfield code="a">(OCoLC)ocm45263725</marc:subfield></marc:datafield><marc:datafield ind1=" " ind2=" " tag="040"><marc:subfield code="a">PIT</marc:subfield><marc:subfield code="c">PIT</marc:subfield></marc:datafield><marc:datafield ind1="0" ind2=" " tag="041"><marc:subfield code="a">por</marc:subfield></marc:datafield><marc:datafield ind1=" " ind2=" " tag="043"><marc:subfield code="a">s-bl---</marc:subfield></marc:datafield><marc:datafield ind1=" " ind2=" " tag="044"><marc:subfield code="a">bl</marc:subfield></marc:datafield><marc:datafield ind1=" " ind2=" " tag="090"><marc:subfield code="a">HT1129.R53</marc:subfield><marc:subfield code="b">K3716 2000</marc:subfield></marc:datafield><marc:datafield ind1="0" ind2=" " tag="092"><marc:subfield code="a">326.0981</marc:subfield></marc:datafield><marc:datafield ind1="1" ind2=" " tag="100"><marc:subfield code="a">Karasch, Mary C.</marc:subfield><marc:subfield code="d">1943-</marc:subfield></marc:datafield><marc:datafield ind1="1" ind2="0" tag="242"><marc:subfield code="a">Slave life in Rio de Janeiro, 1808-1850</marc:subfield></marc:datafield><marc:datafield ind1="1" ind2="2" tag="245"><marc:subfield code="a">A vida dos escravos no Rio de Janeiro (1808-1850)</marc:subfield><marc:subfield code="c">Mary C. Karasch</marc:subfield></marc:datafield><marc:datafield ind1=" " ind2=" " tag="260"><marc:subfield code="a">S&#227;o Paulo</marc:subfield><marc:subfield code="b">Companhia Das Letras</marc:subfield><marc:subfield code="c">[2000]</marc:subfield></marc:datafield><marc:datafield ind1=" " ind2=" " tag="300"><marc:subfield code="a">643 p., [32] p. of plates</marc:subfield><marc:subfield code="b">col. il</marc:subfield><marc:subfield code="c">23 cm</marc:subfield></marc:datafield><marc:datafield ind1=" " ind2=" " tag="500"><marc:subfield code="a">Translation of: Slave life in Rio de Janeiro, 1808-1850. Princeton : Princeton University Press, 1987</marc:subfield></marc:datafield><marc:datafield ind1=" " ind2=" " tag="504"><marc:subfield code="a">Includes bibliographical references (p. 595-619) and index</marc:subfield></marc:datafield><marc:datafield ind1=" " ind2="0" tag="650"><marc:subfield code="a">Slavery</marc:subfield><marc:subfield code="z">Brazil</marc:subfield><marc:subfield code="z">Rio de Janeiro</marc:subfield><marc:subfield code="x">History</marc:subfield><marc:subfield code="y">19th century</marc:subfield></marc:datafield><marc:datafield ind1=" " ind2="0" tag="650"><marc:subfield code="a">Slaves</marc:subfield><marc:subfield code="z">Brazil</marc:subfield><marc:subfield code="z">Rio de Janeiro</marc:subfield><marc:subfield code="x">History</marc:subfield><marc:subfield code="y">19th century</marc:subfield></marc:datafield><marc:datafield ind1=" " ind2="7" tag="650"><marc:subfield code="a">ESCRAVID&#195;O (HIST&#211;RIA)</marc:subfield><marc:subfield code="y">1808-1850</marc:subfield><marc:subfield code="z">RIO DE JANEIRO</marc:subfield><marc:subfield code="2">larpcal</marc:subfield></marc:datafield><marc:datafield ind1=" " ind2="7" tag="650"><marc:subfield code="a">ESCRAVOS (HIST&#211;RIA)</marc:subfield><marc:subfield code="y">1808-1850</marc:subfield><marc:subfield code="z">RIO DE JANEIRO</marc:subfield><marc:subfield code="2">larpcal</marc:subfield></marc:datafield><marc:datafield ind1=" " ind2="0" tag="651"><marc:subfield code="a">Rio de Janeiro (Brazil)</marc:subfield><marc:subfield code="x">Social conditions</marc:subfield><marc:subfield code="x">History</marc:subfield><marc:subfield code="y">19th century</marc:subfield></marc:datafield><marc:datafield ind1=" " ind2="0" tag="651"><marc:subfield code="a">Rio de Janeiro (Brazil)</marc:subfield><marc:subfield code="x">History</marc:subfield><marc:subfield code="y">19th century</marc:subfield></marc:datafield><marc:datafield ind1="1" ind2=" " tag="700"><marc:subfield code="a">Soares, Pedro Maia</marc:subfield><marc:subfield code="4">trad</marc:subfield></marc:datafield><marc:datafield ind1=" " ind2=" " tag="945"><marc:subfield code="a">L</marc:subfield><marc:subfield code="b">LIVRO</marc:subfield><marc:subfield code="c">01</marc:subfield></marc:datafield></marc:record>