<marc:record><marc:leader>01138aam  2200301 a 45e0</marc:leader><marc:controlfield tag="005">$$a2000112308485</marc:controlfield><marc:controlfield tag="008">980423s1997    bl a     b    000 0 por  </marc:controlfield><marc:datafield ind1=" " ind2=" " tag="010"><marc:subfield code="a">98831728</marc:subfield></marc:datafield><marc:datafield ind1=" " ind2=" " tag="020"><marc:subfield code="a">852000458X</marc:subfield></marc:datafield><marc:datafield ind1=" " ind2=" " tag="040"><marc:subfield code="a">DLC</marc:subfield><marc:subfield code="c">DLC</marc:subfield></marc:datafield><marc:datafield ind1="0" ind2=" " tag="041"><marc:subfield code="a">por</marc:subfield></marc:datafield><marc:datafield ind1=" " ind2=" " tag="042"><marc:subfield code="a">lcode</marc:subfield></marc:datafield><marc:datafield ind1=" " ind2=" " tag="043"><marc:subfield code="a">s-bl---</marc:subfield></marc:datafield><marc:datafield ind1=" " ind2=" " tag="044"><marc:subfield code="a">bl</marc:subfield></marc:datafield><marc:datafield ind1="0" ind2="0" tag="050"><marc:subfield code="a">HT1129.R53</marc:subfield><marc:subfield code="b">P39 1997</marc:subfield></marc:datafield><marc:datafield ind1="0" ind2=" " tag="092"><marc:subfield code="a">326.0981</marc:subfield></marc:datafield><marc:datafield ind1="1" ind2=" " tag="100"><marc:subfield code="a">Florentino, Manolo</marc:subfield></marc:datafield><marc:datafield ind1="1" ind2="2" tag="245"><marc:subfield code="a">A paz das senzalas</marc:subfield><marc:subfield code="b">fam&#237;lias escravas e tr&#225;fico atl&#226;ntico, Rio de Janeiro, c. 1790-c. 1850</marc:subfield><marc:subfield code="c">Manolo Florentino, Jos&#233; Roberto G&#243;es</marc:subfield></marc:datafield><marc:datafield ind1=" " ind2=" " tag="260"><marc:subfield code="a">Rio de Janeiro</marc:subfield><marc:subfield code="b">Civiliza&#231;&#227;o Brasileira</marc:subfield><marc:subfield code="c">1997</marc:subfield></marc:datafield><marc:datafield ind1=" " ind2=" " tag="300"><marc:subfield code="a">250 p</marc:subfield><marc:subfield code="b">ill. (some col.)</marc:subfield><marc:subfield code="c">21 cm</marc:subfield></marc:datafield><marc:datafield ind1=" " ind2=" " tag="504"><marc:subfield code="a">Includes bibliographical references (p. 193-200)</marc:subfield></marc:datafield><marc:datafield ind1=" " ind2="0" tag="650"><marc:subfield code="a">Slaves</marc:subfield><marc:subfield code="z">Brazil</marc:subfield><marc:subfield code="z">Rio de Janeiro (State)</marc:subfield><marc:subfield code="x">Family relationships</marc:subfield><marc:subfield code="x">History</marc:subfield><marc:subfield code="y">19th century</marc:subfield></marc:datafield><marc:datafield ind1=" " ind2="0" tag="650"><marc:subfield code="a">Slave trade</marc:subfield><marc:subfield code="z">Brazil</marc:subfield><marc:subfield code="z">Rio de Janeiro (State)</marc:subfield><marc:subfield code="x">History</marc:subfield><marc:subfield code="y">19th century</marc:subfield></marc:datafield><marc:datafield ind1=" " ind2="0" tag="650"><marc:subfield code="a">Slavery</marc:subfield><marc:subfield code="z">Brazil</marc:subfield><marc:subfield code="z">Rio de Janeiro (State)</marc:subfield><marc:subfield code="x">History</marc:subfield><marc:subfield code="y">19th century</marc:subfield></marc:datafield><marc:datafield ind1=" " ind2="7" tag="650"><marc:subfield code="a">HISTORIA DO BRASIL - SOCIEDADE (ESCRAVIDAO)</marc:subfield><marc:subfield code="2">larpcal</marc:subfield></marc:datafield><marc:datafield ind1=" " ind2="7" tag="650"><marc:subfield code="a">ESCRAVOS</marc:subfield><marc:subfield code="z">BRASIL</marc:subfield><marc:subfield code="2">larpcal</marc:subfield></marc:datafield><marc:datafield ind1="1" ind2=" " tag="700"><marc:subfield code="a">G&#243;es, Jos&#233; Roberto</marc:subfield><marc:subfield code="d">1958-</marc:subfield></marc:datafield><marc:datafield ind1=" " ind2=" " tag="945"><marc:subfield code="a">L</marc:subfield><marc:subfield code="b">LIVRO</marc:subfield><marc:subfield code="c">01</marc:subfield></marc:datafield></marc:record>