<marc:record><marc:leader>01334cam  2200349Ia 45e0</marc:leader><marc:controlfield tag="005">$$a2000120615051</marc:controlfield><marc:controlfield tag="008">001106s1999    bl       b    000 0 por d</marc:controlfield><marc:datafield ind1=" " ind2=" " tag="020"><marc:subfield code="a">8515020173</marc:subfield></marc:datafield><marc:datafield ind1=" " ind2=" " tag="035"><marc:subfield code="a">(OCoLC)ocm45288272</marc:subfield></marc:datafield><marc:datafield ind1=" " ind2=" " tag="040"><marc:subfield code="a">PIT</marc:subfield><marc:subfield code="c">PIT</marc:subfield></marc:datafield><marc:datafield ind1="0" ind2=" " tag="041"><marc:subfield code="a">por</marc:subfield></marc:datafield><marc:datafield ind1=" " ind2=" " tag="043"><marc:subfield code="a">s-bl---</marc:subfield></marc:datafield><marc:datafield ind1=" " ind2=" " tag="044"><marc:subfield code="a">bl</marc:subfield></marc:datafield><marc:datafield ind1=" " ind2=" " tag="090"><marc:subfield code="a">JL2498.A1</marc:subfield><marc:subfield code="b">L67 1999</marc:subfield></marc:datafield><marc:datafield ind1="0" ind2="1" tag="098"><marc:subfield code="a">329(81)</marc:subfield></marc:datafield><marc:datafield ind1="1" ind2=" " tag="100"><marc:subfield code="a">Lopez, Andr&#233; Porto Ancona</marc:subfield></marc:datafield><marc:datafield ind1="1" ind2="0" tag="245"><marc:subfield code="a">Tipologia documental de partidos e associa&#231;&#245;es pol&#237;ticas brasileiras</marc:subfield><marc:subfield code="c">Andr&#233; Porto Ancona Lopez</marc:subfield></marc:datafield><marc:datafield ind1=" " ind2=" " tag="260"><marc:subfield code="a">S&#227;o Paulo, SP</marc:subfield><marc:subfield code="b">Hist&#243;ria Social, USP</marc:subfield><marc:subfield code="c">c1999</marc:subfield><marc:subfield code="b">Edi&#231;&#245;es Loyola</marc:subfield></marc:datafield><marc:datafield ind1=" " ind2=" " tag="300"><marc:subfield code="a">151 p.</marc:subfield><marc:subfield code="c">21 cm</marc:subfield></marc:datafield><marc:datafield ind1="1" ind2=" " tag="490"><marc:subfield code="a">S&#233;rie Teses</marc:subfield></marc:datafield><marc:datafield ind1=" " ind2=" " tag="500"><marc:subfield code="a">Originally presented as the author\'s thesis (master\'s)--Universidade de S&#227;o Paulo, 1994</marc:subfield></marc:datafield><marc:datafield ind1=" " ind2=" " tag="500"><marc:subfield code="a">Originalmente apresentada como disserta&#231;&#227;o de mestrado na FFLCH/USP</marc:subfield></marc:datafield><marc:datafield ind1=" " ind2=" " tag="504"><marc:subfield code="a">Includes bibliographical references (p. 141-151)</marc:subfield></marc:datafield><marc:datafield ind1=" " ind2=" " tag="504"><marc:subfield code="a">Bibliografia no final da obra</marc:subfield></marc:datafield><marc:datafield ind1=" " ind2=" " tag="504"><marc:subfield code="a">Notas bibliogr&#225;ficas de rodap&#233;</marc:subfield></marc:datafield><marc:datafield ind1=" " ind2=" " tag="504"><marc:subfield code="a">Notas de rodap&#233;</marc:subfield></marc:datafield><marc:datafield ind1=" " ind2="0" tag="650"><marc:subfield code="a">Political parties</marc:subfield><marc:subfield code="z">Brazil</marc:subfield><marc:subfield code="x">Historiography</marc:subfield></marc:datafield><marc:datafield ind1=" " ind2="0" tag="650"><marc:subfield code="a">Political parties</marc:subfield><marc:subfield code="z">Brazil</marc:subfield><marc:subfield code="x">Records and correspondance</marc:subfield></marc:datafield><marc:datafield ind1=" " ind2="7" tag="650"><marc:subfield code="a">PARTIDOS POL&#205;TICOS (PROCESSO POL&#205;TICO)</marc:subfield><marc:subfield code="2">larpcal</marc:subfield></marc:datafield><marc:datafield ind1=" " ind2="0" tag="651"><marc:subfield code="a">Brazil</marc:subfield><marc:subfield code="x">Politics and government</marc:subfield><marc:subfield code="x">Historiography</marc:subfield></marc:datafield><marc:datafield ind1=" " ind2="0" tag="830"><marc:subfield code="a">Srie Teses (So Paulo, Brazil)</marc:subfield><marc:subfield code="v">9</marc:subfield></marc:datafield><marc:datafield ind1=" " ind2=" " tag="945"><marc:subfield code="a">L</marc:subfield><marc:subfield code="b">LIVRO</marc:subfield><marc:subfield code="c">01</marc:subfield></marc:datafield></marc:record>