<marc:record><marc:leader>00900nam   200253Ia 45  </marc:leader><marc:controlfield tag="005">20131031232600.0</marc:controlfield><marc:controlfield tag="008">001207s2000    bl            000 0 por d</marc:controlfield><marc:datafield ind1=" " ind2=" " tag="020"><marc:subfield code="a">858619610X</marc:subfield></marc:datafield><marc:datafield ind1=" " ind2=" " tag="040"><marc:subfield code="a">USP/SIBI</marc:subfield></marc:datafield><marc:datafield ind1="0" ind2=" " tag="041"><marc:subfield code="a">por</marc:subfield></marc:datafield><marc:datafield ind1=" " ind2=" " tag="044"><marc:subfield code="a">bl</marc:subfield></marc:datafield><marc:datafield ind1="0" ind2=" " tag="092"><marc:subfield code="a">398.098141072</marc:subfield></marc:datafield><marc:datafield ind1="2" ind2=" " tag="110"><marc:subfield code="a">Discoteca Oneyda Alvarenga</marc:subfield></marc:datafield><marc:datafield ind1="1" ind2="0" tag="245"><marc:subfield code="a">Acervo de pesquisas folcl&#243;ricas de M&#225;rio de Andrade 1935-1938</marc:subfield><marc:subfield code="c">Prefeitura de S&#227;o Paulo, Secretaria Municipal de Cultura, Centro Cultural S&#227;o Paulo</marc:subfield></marc:datafield><marc:datafield ind1=" " ind2=" " tag="260"><marc:subfield code="a">S&#227;o Paulo</marc:subfield><marc:subfield code="b">Centro Cultural S&#227;o Paulo</marc:subfield><marc:subfield code="c">2000</marc:subfield></marc:datafield><marc:datafield ind1=" " ind2=" " tag="300"><marc:subfield code="a">303 p.</marc:subfield><marc:subfield code="b">fots.</marc:subfield><marc:subfield code="c">30 cm</marc:subfield></marc:datafield><marc:datafield ind1=" " ind2=" " tag="500"><marc:subfield code="a">Com a coordena&#231;&#227;o e textos de Jos&#233; Eduardo Azevedo</marc:subfield></marc:datafield><marc:datafield ind1=" " ind2=" " tag="504"><marc:subfield code="a">Refer&#234;ncias</marc:subfield></marc:datafield><marc:datafield ind1="1" ind2="4" tag="600"><marc:subfield code="a">Andrade, M&#225;rio de</marc:subfield><marc:subfield code="d">1893-1945</marc:subfield></marc:datafield><marc:datafield ind1="1" ind2="4" tag="600"><marc:subfield code="a">Alvarenga, Oneyda</marc:subfield><marc:subfield code="d">1911-1984</marc:subfield></marc:datafield><marc:datafield ind1=" " ind2="7" tag="650"><marc:subfield code="a">CULTURA POPULAR</marc:subfield><marc:subfield code="z">BRASIL</marc:subfield><marc:subfield code="2">larpcal</marc:subfield></marc:datafield><marc:datafield ind1=" " ind2="7" tag="650"><marc:subfield code="a">FOLCLORE</marc:subfield><marc:subfield code="z">BRASIL</marc:subfield><marc:subfield code="2">larpcal</marc:subfield></marc:datafield><marc:datafield ind1="1" ind2=" " tag="700"><marc:subfield code="a">Azevedo, Jos&#233; Eduardo</marc:subfield><marc:subfield code="4">coord</marc:subfield><marc:subfield code="4">texto</marc:subfield></marc:datafield><marc:datafield ind1=" " ind2=" " tag="945"><marc:subfield code="a">L</marc:subfield><marc:subfield code="b">LIVRO</marc:subfield><marc:subfield code="c">01</marc:subfield></marc:datafield></marc:record>