<marc:record><marc:leader>01151cam  22003134a 45e0</marc:leader><marc:controlfield tag="005">$$a2001021312301</marc:controlfield><marc:controlfield tag="008">001002s1999    bl       b    000 0 por d</marc:controlfield><marc:datafield ind1=" " ind2=" " tag="020"><marc:subfield code="a">8515020165</marc:subfield></marc:datafield><marc:datafield ind1=" " ind2=" " tag="035"><marc:subfield code="a">(OCoLC)ocm45105390</marc:subfield></marc:datafield><marc:datafield ind1=" " ind2=" " tag="040"><marc:subfield code="a">NYP</marc:subfield><marc:subfield code="c">NYP</marc:subfield><marc:subfield code="d">PIT</marc:subfield></marc:datafield><marc:datafield ind1="0" ind2=" " tag="041"><marc:subfield code="a">por</marc:subfield></marc:datafield><marc:datafield ind1=" " ind2=" " tag="043"><marc:subfield code="a">s-bl---</marc:subfield><marc:subfield code="a">s-ag---</marc:subfield></marc:datafield><marc:datafield ind1=" " ind2=" " tag="044"><marc:subfield code="a">bl</marc:subfield></marc:datafield><marc:datafield ind1=" " ind2=" " tag="090"><marc:subfield code="a">JC573.2.B7</marc:subfield><marc:subfield code="b">B45 1999</marc:subfield></marc:datafield><marc:datafield ind1=" " ind2=" " tag="092"><marc:subfield code="a">320.981</marc:subfield></marc:datafield><marc:datafield ind1="1" ind2=" " tag="100"><marc:subfield code="a">Beired, Jos&#233; Luis Bendicho</marc:subfield></marc:datafield><marc:datafield ind1="1" ind2="0" tag="245"><marc:subfield code="a">Sob o signo da nova ordem</marc:subfield><marc:subfield code="b">intelectuais autorit&#225;rios no Brasil e na Argentina (1914-1945)</marc:subfield><marc:subfield code="c">Jos&#233; Luis Bendicho Beired</marc:subfield></marc:datafield><marc:datafield ind1="3" ind2="0" tag="246"><marc:subfield code="a">Intelectuais autorit&#225;rios no Brasil e na Argentina (1914-1945)</marc:subfield></marc:datafield><marc:datafield ind1=" " ind2=" " tag="260"><marc:subfield code="a">S&#227;o Paulo</marc:subfield><marc:subfield code="b">Loyola</marc:subfield><marc:subfield code="c">1999</marc:subfield></marc:datafield><marc:datafield ind1=" " ind2=" " tag="300"><marc:subfield code="a">295 p</marc:subfield><marc:subfield code="c">21 cm</marc:subfield></marc:datafield><marc:datafield ind1="0" ind2=" " tag="490"><marc:subfield code="a">Teses</marc:subfield><marc:subfield code="v">8</marc:subfield></marc:datafield><marc:datafield ind1=" " ind2=" " tag="500"><marc:subfield code="a">Originally presented as the author\'s thesis (doctoral)--Universidade de S&#227;o Paulo</marc:subfield></marc:datafield><marc:datafield ind1=" " ind2=" " tag="504"><marc:subfield code="a">Refer&#234;ncias (p. 285-295)</marc:subfield></marc:datafield><marc:datafield ind1=" " ind2="7" tag="650"><marc:subfield code="a">HIST&#211;RIA DO BRASIL (POL&#205;TICA)</marc:subfield><marc:subfield code="2">larpcal</marc:subfield></marc:datafield><marc:datafield ind1=" " ind2="7" tag="650"><marc:subfield code="a">POL&#205;TICA E GOVERNO</marc:subfield><marc:subfield code="y">1914-1945</marc:subfield><marc:subfield code="z">BRASIL;ARGENTINA</marc:subfield><marc:subfield code="2">larpcal</marc:subfield></marc:datafield><marc:datafield ind1=" " ind2="7" tag="650"><marc:subfield code="a">INTELECTUAIS</marc:subfield><marc:subfield code="z">BRASIL;ARGENTINA</marc:subfield><marc:subfield code="2">larpcal</marc:subfield></marc:datafield><marc:datafield ind1=" " ind2="7" tag="650"><marc:subfield code="a">NACIONALISMO</marc:subfield><marc:subfield code="z">BRASIL;ARGENTINA</marc:subfield><marc:subfield code="2">larpcal</marc:subfield></marc:datafield><marc:datafield ind1=" " ind2="0" tag="830"><marc:subfield code="a">S&#233;rie Teses (So Paulo, Brazil)</marc:subfield><marc:subfield code="v">8</marc:subfield></marc:datafield><marc:datafield ind1=" " ind2=" " tag="945"><marc:subfield code="a">L</marc:subfield><marc:subfield code="b">LIVRO</marc:subfield><marc:subfield code="c">01</marc:subfield></marc:datafield></marc:record>