<marc:record><marc:leader>01428cam  2200373 a 45e0</marc:leader><marc:controlfield tag="005">$$a2001030507414</marc:controlfield><marc:controlfield tag="008">990318s1998    bl ab    b    000 0 por  </marc:controlfield><marc:datafield ind1=" " ind2=" " tag="010"><marc:subfield code="a">98832360</marc:subfield></marc:datafield><marc:datafield ind1=" " ind2=" " tag="020"><marc:subfield code="a">8520909140</marc:subfield></marc:datafield><marc:datafield ind1=" " ind2=" " tag="040"><marc:subfield code="a">DLC</marc:subfield><marc:subfield code="c">DLC</marc:subfield><marc:subfield code="d">EL$</marc:subfield></marc:datafield><marc:datafield ind1="0" ind2=" " tag="041"><marc:subfield code="a">por</marc:subfield></marc:datafield><marc:datafield ind1=" " ind2=" " tag="042"><marc:subfield code="a">lcode</marc:subfield></marc:datafield><marc:datafield ind1=" " ind2=" " tag="043"><marc:subfield code="a">s-bl---</marc:subfield></marc:datafield><marc:datafield ind1=" " ind2=" " tag="044"><marc:subfield code="a">bl</marc:subfield></marc:datafield><marc:datafield ind1="0" ind2="0" tag="050"><marc:subfield code="a">HQ594.15.C36</marc:subfield><marc:subfield code="b">F37 1998</marc:subfield></marc:datafield><marc:datafield ind1="0" ind2="0" tag="082"><marc:subfield code="a">306.85/0981/53</marc:subfield><marc:subfield code="2">21</marc:subfield></marc:datafield><marc:datafield ind1="0" ind2=" " tag="092"><marc:subfield code="a">981.02</marc:subfield></marc:datafield><marc:datafield ind1="1" ind2=" " tag="100"><marc:subfield code="a">Faria, Sheila de Castro</marc:subfield></marc:datafield><marc:datafield ind1="1" ind2="2" tag="245"><marc:subfield code="a">A col&#244;nia em movimento</marc:subfield><marc:subfield code="b">fortuna e fam&#237;lia no cotidiano colonial</marc:subfield><marc:subfield code="c">Sheila de Castro Faria</marc:subfield></marc:datafield><marc:datafield ind1=" " ind2=" " tag="260"><marc:subfield code="a">Rio de Janeiro, RJ, Brasil</marc:subfield><marc:subfield code="b">Editora Nova Fronteira</marc:subfield><marc:subfield code="c">c1998</marc:subfield></marc:datafield><marc:datafield ind1=" " ind2=" " tag="300"><marc:subfield code="a">432 p.</marc:subfield><marc:subfield code="b">ill., map</marc:subfield><marc:subfield code="c">23 cm</marc:subfield></marc:datafield><marc:datafield ind1=" " ind2="0" tag="440"><marc:subfield code="a">Coleo Histrias do Brasil</marc:subfield></marc:datafield><marc:datafield ind1=" " ind2=" " tag="500"><marc:subfield code="a">Originally presented as the author\'s thesis (doctoral)--Universidade Federal Fluminense, 1994</marc:subfield></marc:datafield><marc:datafield ind1=" " ind2=" " tag="504"><marc:subfield code="a">Includes bibliographical references (p. [419]-432)</marc:subfield></marc:datafield><marc:datafield ind1=" " ind2="0" tag="650"><marc:subfield code="a">Family</marc:subfield><marc:subfield code="z">Brazil</marc:subfield><marc:subfield code="z">Campos (Rio de Janeiro)</marc:subfield><marc:subfield code="x">History</marc:subfield></marc:datafield><marc:datafield ind1=" " ind2="7" tag="650"><marc:subfield code="a">PER&#205;ODO COLONIAL (1500-1822)</marc:subfield><marc:subfield code="2">larpcal</marc:subfield></marc:datafield><marc:datafield ind1=" " ind2="7" tag="650"><marc:subfield code="a">SOCIEDADE (VIDA COTIDIANA)</marc:subfield><marc:subfield code="z">BRASIL</marc:subfield><marc:subfield code="2">larpcal</marc:subfield></marc:datafield><marc:datafield ind1=" " ind2="7" tag="650"><marc:subfield code="a">FAM&#205;LIA</marc:subfield><marc:subfield code="z">BRASIL</marc:subfield><marc:subfield code="2">larpcal</marc:subfield></marc:datafield><marc:datafield ind1=" " ind2="7" tag="650"><marc:subfield code="a">PER&#205;ODO COLONIAL (1500-1822)</marc:subfield><marc:subfield code="2">larpcal</marc:subfield></marc:datafield><marc:datafield ind1=" " ind2="7" tag="650"><marc:subfield code="a">FAM&#205;LIA (HIST&#211;RIA)</marc:subfield><marc:subfield code="z">BRASIL</marc:subfield><marc:subfield code="2">larpcal</marc:subfield></marc:datafield><marc:datafield ind1=" " ind2="7" tag="650"><marc:subfield code="a">HIST&#211;RIA DO BRASIL (SOCIEDADE;VIDA COTIDIANA)</marc:subfield><marc:subfield code="2">larpcal</marc:subfield></marc:datafield><marc:datafield ind1=" " ind2="0" tag="651"><marc:subfield code="a">Campos (Rio de Janeiro, Brazil)</marc:subfield><marc:subfield code="x">Social life and customs</marc:subfield></marc:datafield><marc:datafield ind1=" " ind2="4" tag="651"><marc:subfield code="a">Brasil</marc:subfield><marc:subfield code="x">Vida social y costumbres</marc:subfield><marc:subfield code="y">Siglo XVIII</marc:subfield><marc:subfield code="x">Historia</marc:subfield></marc:datafield><marc:datafield ind1=" " ind2=" " tag="945"><marc:subfield code="a">L</marc:subfield><marc:subfield code="b">LIVRO</marc:subfield><marc:subfield code="c">01</marc:subfield></marc:datafield></marc:record>