<marc:record><marc:leader>00857cam  2200277 a 45e0</marc:leader><marc:controlfield tag="005">$$a2001040318222</marc:controlfield><marc:controlfield tag="008">990517s1998    bl a     b    000 0 por  </marc:controlfield><marc:datafield ind1=" " ind2=" " tag="020"><marc:subfield code="a">8573590610</marc:subfield></marc:datafield><marc:datafield ind1=" " ind2=" " tag="035"><marc:subfield code="a">(OCoLC)ocm42720114</marc:subfield></marc:datafield><marc:datafield ind1=" " ind2=" " tag="040"><marc:subfield code="a">DLC</marc:subfield><marc:subfield code="c">DLC</marc:subfield><marc:subfield code="d">CUY</marc:subfield><marc:subfield code="d">OCL</marc:subfield></marc:datafield><marc:datafield ind1="0" ind2=" " tag="041"><marc:subfield code="a">por</marc:subfield></marc:datafield><marc:datafield ind1=" " ind2=" " tag="042"><marc:subfield code="a">lcode</marc:subfield></marc:datafield><marc:datafield ind1=" " ind2=" " tag="043"><marc:subfield code="a">s-bl---</marc:subfield></marc:datafield><marc:datafield ind1=" " ind2=" " tag="044"><marc:subfield code="a">bl</marc:subfield></marc:datafield><marc:datafield ind1="0" ind2=" " tag="092"><marc:subfield code="a">306.40981</marc:subfield></marc:datafield><marc:datafield ind1="1" ind2=" " tag="100"><marc:subfield code="a">Gama, L&#250;cia Helena</marc:subfield></marc:datafield><marc:datafield ind1="1" ind2="0" tag="245"><marc:subfield code="a">Nos bares da vida</marc:subfield><marc:subfield code="b">produ&#231;&#227;o cultural e sociabilidade em S&#227;o Paulo, 1940-1950</marc:subfield><marc:subfield code="c">L&#250;cia Helena Gama</marc:subfield></marc:datafield><marc:datafield ind1=" " ind2=" " tag="250"><marc:subfield code="a">2. ed.</marc:subfield></marc:datafield><marc:datafield ind1=" " ind2=" " tag="260"><marc:subfield code="a">S&#227;o Paulo</marc:subfield><marc:subfield code="b">Ed. SENAC</marc:subfield><marc:subfield code="c">c1998</marc:subfield></marc:datafield><marc:datafield ind1=" " ind2=" " tag="300"><marc:subfield code="a">335 p</marc:subfield><marc:subfield code="b">il.</marc:subfield></marc:datafield><marc:datafield ind1=" " ind2=" " tag="504"><marc:subfield code="a">Bibliografia</marc:subfield></marc:datafield><marc:datafield ind1=" " ind2="7" tag="650"><marc:subfield code="a">HIST&#211;RIA DO BRASIL</marc:subfield><marc:subfield code="z">S&#195;O PAULO (SP)</marc:subfield><marc:subfield code="2">larpcal</marc:subfield></marc:datafield><marc:datafield ind1=" " ind2="7" tag="650"><marc:subfield code="a">CULTURA BRASILEIRA</marc:subfield><marc:subfield code="z">S&#195;O PAULO (SP)</marc:subfield><marc:subfield code="2">larpcal</marc:subfield></marc:datafield><marc:datafield ind1=" " ind2="7" tag="650"><marc:subfield code="a">BARES</marc:subfield><marc:subfield code="z">BRASIL;S&#195;O PAULO (SP)</marc:subfield><marc:subfield code="2">larpcal</marc:subfield></marc:datafield><marc:datafield ind1=" " ind2="7" tag="650"><marc:subfield code="a">S&#195;O PAULO (SP) (VIDA COTIDIANA)</marc:subfield><marc:subfield code="2">larpcal</marc:subfield></marc:datafield><marc:datafield ind1=" " ind2=" " tag="945"><marc:subfield code="a">L</marc:subfield><marc:subfield code="b">LIVRO</marc:subfield><marc:subfield code="c">01</marc:subfield></marc:datafield></marc:record>