<marc:record><marc:leader>00725nam  2200241Ia 45e0</marc:leader><marc:controlfield tag="005">$$a2001040515090</marc:controlfield><marc:controlfield tag="008">931214s1971    bl            000 0 por d</marc:controlfield><marc:datafield ind1=" " ind2=" " tag="035"><marc:subfield code="a">(OCoLC)ocm29491006</marc:subfield></marc:datafield><marc:datafield ind1=" " ind2=" " tag="040"><marc:subfield code="a">CSA</marc:subfield><marc:subfield code="c">CSA</marc:subfield></marc:datafield><marc:datafield ind1="0" ind2=" " tag="041"><marc:subfield code="a">por</marc:subfield></marc:datafield><marc:datafield ind1=" " ind2=" " tag="044"><marc:subfield code="a">bl</marc:subfield></marc:datafield><marc:datafield ind1=" " ind2=" " tag="090"><marc:subfield code="a">PG3420</marc:subfield><marc:subfield code="b">.O8 1971b</marc:subfield></marc:datafield><marc:datafield ind1="0" ind2=" " tag="092"><marc:subfield code="a">808.8</marc:subfield></marc:datafield><marc:datafield ind1="1" ind2=" " tag="100"><marc:subfield code="a">Turgenev, Ivan Sergeevich</marc:subfield><marc:subfield code="d">1818-1883</marc:subfield></marc:datafield><marc:datafield ind1="0" ind2="0" tag="240"><marc:subfield code="a">Ot&#235;t&#236;sy i deti</marc:subfield><marc:subfield code="l">Portuguese</marc:subfield></marc:datafield><marc:datafield ind1="1" ind2="0" tag="245"><marc:subfield code="a">Pais e filhos</marc:subfield><marc:subfield code="c">Ivan Turgu&#234;nev ; tradu&#231;&#227;o de Ivan Emilianovitch</marc:subfield></marc:datafield><marc:datafield ind1=" " ind2=" " tag="250"><marc:subfield code="a">1.a edi&#231;&#227;o</marc:subfield></marc:datafield><marc:datafield ind1=" " ind2=" " tag="260"><marc:subfield code="a">S&#227;o Paulo</marc:subfield><marc:subfield code="b">Cultural abril</marc:subfield><marc:subfield code="c">1971</marc:subfield></marc:datafield><marc:datafield ind1=" " ind2=" " tag="300"><marc:subfield code="a">242 p.</marc:subfield><marc:subfield code="c">21cm</marc:subfield></marc:datafield><marc:datafield ind1=" " ind2="3" tag="440"><marc:subfield code="a">Os imortais da literatura universal</marc:subfield><marc:subfield code="v">14</marc:subfield></marc:datafield><marc:datafield ind1=" " ind2=" " tag="500"><marc:subfield code="a">Translation of Ot&#235;t&#236;sy i deti</marc:subfield></marc:datafield><marc:datafield ind1=" " ind2="7" tag="650"><marc:subfield code="a">ROMANCE</marc:subfield><marc:subfield code="z">R&#218;SSIA</marc:subfield><marc:subfield code="2">larpcal</marc:subfield></marc:datafield><marc:datafield ind1=" " ind2=" " tag="945"><marc:subfield code="a">L</marc:subfield><marc:subfield code="b">LIVRO</marc:subfield><marc:subfield code="c">01</marc:subfield></marc:datafield></marc:record>