<marc:record><marc:leader>00899nam  2200241Mi 45e0</marc:leader><marc:controlfield tag="005">$$a2001042716222</marc:controlfield><marc:controlfield tag="008">780606s19981974bl            000 1 por d</marc:controlfield><marc:datafield ind1=" " ind2=" " tag="020"><marc:subfield code="a">8532509509 (pbk.)</marc:subfield></marc:datafield><marc:datafield ind1=" " ind2=" " tag="035"><marc:subfield code="a">(OCoLC)ocm46421078</marc:subfield></marc:datafield><marc:datafield ind1=" " ind2=" " tag="040"><marc:subfield code="a">HLS</marc:subfield><marc:subfield code="c">HLS</marc:subfield></marc:datafield><marc:datafield ind1="0" ind2=" " tag="041"><marc:subfield code="a">por</marc:subfield></marc:datafield><marc:datafield ind1=" " ind2=" " tag="044"><marc:subfield code="a">bl</marc:subfield></marc:datafield><marc:datafield ind1=" " ind2="4" tag="050"><marc:subfield code="a">PQ9697.L585</marc:subfield><marc:subfield code="b">V5 1998x</marc:subfield></marc:datafield><marc:datafield ind1="0" ind2=" " tag="092"><marc:subfield code="a">869.935</marc:subfield></marc:datafield><marc:datafield ind1="1" ind2=" " tag="100"><marc:subfield code="a">Lispector, Clarice</marc:subfield><marc:subfield code="d">1925-1977</marc:subfield></marc:datafield><marc:datafield ind1="1" ind2="2" tag="245"><marc:subfield code="a">A via crucis do corpo</marc:subfield><marc:subfield code="c">Clarice Lispector</marc:subfield></marc:datafield><marc:datafield ind1=" " ind2=" " tag="260"><marc:subfield code="a">Rio de Janeiro</marc:subfield><marc:subfield code="b">Rocco</marc:subfield><marc:subfield code="c">1998</marc:subfield></marc:datafield><marc:datafield ind1=" " ind2=" " tag="300"><marc:subfield code="a">79 p.</marc:subfield><marc:subfield code="c">21 cm</marc:subfield></marc:datafield><marc:datafield ind1=" " ind2=" " tag="500"><marc:subfield code="a">Short stories</marc:subfield></marc:datafield><marc:datafield ind1=" " ind2=" " tag="500"><marc:subfield code="a">Originally published: Rio de Janeiro : Editura Artenova, [1974]</marc:subfield></marc:datafield><marc:datafield ind1="0" ind2=" " tag="505"><marc:subfield code="a">Miss Algrave.--O corpo.--Via crucis.--O homem que apareceu.--Ele me bebeu.--Por enquanto.--Dia ap&#243;s dia.--Ru&#237;do de passos.--Antes da ponte Rio-Niter&#243;i.--Pra&#231;a Mau&#225;-- A l&#237;ngua do "p".--Melhor de que arder--Mas vai chover</marc:subfield></marc:datafield><marc:datafield ind1=" " ind2="7" tag="650"><marc:subfield code="a">CONTO</marc:subfield><marc:subfield code="z">BRASIL</marc:subfield><marc:subfield code="2">larpcal</marc:subfield></marc:datafield><marc:datafield ind1=" " ind2=" " tag="945"><marc:subfield code="a">L</marc:subfield><marc:subfield code="b">LIVRO</marc:subfield><marc:subfield code="c">01</marc:subfield></marc:datafield></marc:record>