<marc:record><marc:leader>01189nam  2200241Ia 45e0</marc:leader><marc:controlfield tag="005">$$a2001042716405</marc:controlfield><marc:controlfield tag="008">000711r19981971bl            000 0 por d</marc:controlfield><marc:datafield ind1=" " ind2=" " tag="020"><marc:subfield code="a">8532508170</marc:subfield></marc:datafield><marc:datafield ind1=" " ind2=" " tag="035"><marc:subfield code="a">(OCoLC)ocm44557626</marc:subfield></marc:datafield><marc:datafield ind1=" " ind2=" " tag="040"><marc:subfield code="a">BDR</marc:subfield><marc:subfield code="c">BDR</marc:subfield></marc:datafield><marc:datafield ind1="0" ind2=" " tag="041"><marc:subfield code="a">por</marc:subfield></marc:datafield><marc:datafield ind1=" " ind2=" " tag="044"><marc:subfield code="a">bl</marc:subfield></marc:datafield><marc:datafield ind1=" " ind2=" " tag="090"><marc:subfield code="a">PQ9697.L585</marc:subfield><marc:subfield code="b">F4 1998</marc:subfield></marc:datafield><marc:datafield ind1="0" ind2=" " tag="092"><marc:subfield code="a">869.935</marc:subfield></marc:datafield><marc:datafield ind1="1" ind2=" " tag="100"><marc:subfield code="a">Lispector, Clarice</marc:subfield><marc:subfield code="d">1925-1977</marc:subfield></marc:datafield><marc:datafield ind1="1" ind2="0" tag="245"><marc:subfield code="a">Felicidade clandestina</marc:subfield><marc:subfield code="b">contos</marc:subfield><marc:subfield code="c">Clarice Lispector</marc:subfield></marc:datafield><marc:datafield ind1=" " ind2=" " tag="260"><marc:subfield code="a">Rio de Janeiro</marc:subfield><marc:subfield code="b">Rocco</marc:subfield><marc:subfield code="c">1998</marc:subfield></marc:datafield><marc:datafield ind1=" " ind2=" " tag="300"><marc:subfield code="a">159 p.</marc:subfield><marc:subfield code="c">22 cm</marc:subfield></marc:datafield><marc:datafield ind1="0" ind2=" " tag="505"><marc:subfield code="a">Felicidade clandestina -- Uma amizade sincera -- Miopia progressiva -- Restos do carnaval -- O grande passeio -- Come, meu filho -- Perdoando Deus -- Tenta&#247;c&#225;o -- O ovo e a galinha -- Cem anos de perd&#225;o -- A legi&#225;o estrangeira -- Os obedientes --A reparti&#247;c&#225;o dos p&#225;es -- Uma esperan&#247;ca -- Macacos -- Os desastres de Sofia -- A criada -- A mensagem -- Menino a bico de pena -- Uma hist&#243;ria de tanto amor -- As &#225;guas do mundo -- A quinta hist&#247;oria -- Enca rna&#247;c&#225;o involunt&#225;ria -- Duashist&#243;rias a meu modo -- O primeiro beijo</marc:subfield></marc:datafield><marc:datafield ind1=" " ind2="7" tag="650"><marc:subfield code="a">LITERATURA BRASILEIRA</marc:subfield><marc:subfield code="2">larpcal</marc:subfield></marc:datafield><marc:datafield ind1=" " ind2="0" tag="650"><marc:subfield code="a">Short stories, Latin American</marc:subfield></marc:datafield><marc:datafield ind1=" " ind2="7" tag="650"><marc:subfield code="a">CONTO</marc:subfield><marc:subfield code="2">larpcal</marc:subfield></marc:datafield><marc:datafield ind1=" " ind2=" " tag="945"><marc:subfield code="a">L</marc:subfield><marc:subfield code="b">LIVRO</marc:subfield><marc:subfield code="c">01</marc:subfield></marc:datafield></marc:record>