<marc:record><marc:leader>01059cam  2200325 a 45e0</marc:leader><marc:controlfield tag="005">$$a2001050811444</marc:controlfield><marc:controlfield tag="008">990628r19981858bl a     b    001 1 por  </marc:controlfield><marc:datafield ind1=" " ind2=" " tag="010"><marc:subfield code="a">99884913</marc:subfield></marc:datafield><marc:datafield ind1=" " ind2=" " tag="019"><marc:subfield code="a">43647230</marc:subfield></marc:datafield><marc:datafield ind1=" " ind2=" " tag="020"><marc:subfield code="a">8571648506</marc:subfield></marc:datafield><marc:datafield ind1=" " ind2=" " tag="035"><marc:subfield code="a">(OCoLC)ocm42719874</marc:subfield></marc:datafield><marc:datafield ind1=" " ind2=" " tag="040"><marc:subfield code="a">DLC</marc:subfield><marc:subfield code="c">DLC</marc:subfield><marc:subfield code="d">NUI</marc:subfield></marc:datafield><marc:datafield ind1="0" ind2=" " tag="041"><marc:subfield code="a">por</marc:subfield></marc:datafield><marc:datafield ind1=" " ind2=" " tag="042"><marc:subfield code="a">lcode</marc:subfield></marc:datafield><marc:datafield ind1=" " ind2=" " tag="043"><marc:subfield code="a">s-bl---</marc:subfield></marc:datafield><marc:datafield ind1=" " ind2=" " tag="044"><marc:subfield code="a">bl</marc:subfield></marc:datafield><marc:datafield ind1="0" ind2="0" tag="050"><marc:subfield code="a">PQ9697.M18</marc:subfield><marc:subfield code="b">A6 1998</marc:subfield></marc:datafield><marc:datafield ind1="0" ind2="0" tag="082"><marc:subfield code="a">869.3/3</marc:subfield><marc:subfield code="2">21</marc:subfield></marc:datafield><marc:datafield ind1="0" ind2=" " tag="092"><marc:subfield code="a">869.9341</marc:subfield></marc:datafield><marc:datafield ind1="1" ind2=" " tag="100"><marc:subfield code="a">Assis, Machado de</marc:subfield><marc:subfield code="d">1839-1908</marc:subfield></marc:datafield><marc:datafield ind1="1" ind2="0" tag="240"><marc:subfield code="a">Short stories</marc:subfield><marc:subfield code="k">Selections</marc:subfield></marc:datafield><marc:datafield ind1="1" ind2="0" tag="245"><marc:subfield code="a">Contos</marc:subfield><marc:subfield code="b">uma antologia</marc:subfield><marc:subfield code="c">Machado de Assis ; sele&#231;&#227;o, introdu&#231;&#227;o e notas, John Gledson</marc:subfield></marc:datafield><marc:datafield ind1=" " ind2=" " tag="260"><marc:subfield code="a">[S&#227;o Paulo, Brazil]</marc:subfield><marc:subfield code="b">Companhia das Letras</marc:subfield><marc:subfield code="c">1998</marc:subfield></marc:datafield><marc:datafield ind1=" " ind2=" " tag="300"><marc:subfield code="a">2 v.</marc:subfield><marc:subfield code="b">il.</marc:subfield><marc:subfield code="c">21 cm</marc:subfield></marc:datafield><marc:datafield ind1=" " ind2=" " tag="500"><marc:subfield code="a">Short stories previously published between 1858 and 1907</marc:subfield></marc:datafield><marc:datafield ind1=" " ind2=" " tag="504"><marc:subfield code="a">Includes bibliographical references and index</marc:subfield></marc:datafield><marc:datafield ind1=" " ind2=" " tag="590"><marc:subfield code="a">Os exemplares da cole&#231;&#227;o Marlyse Meyer cont&#233;m margin&#225;lia (na biblioteca do IEB)</marc:subfield></marc:datafield><marc:datafield ind1=" " ind2="7" tag="650"><marc:subfield code="a">CONTO</marc:subfield><marc:subfield code="z">BRASIL</marc:subfield><marc:subfield code="2">larpcal</marc:subfield></marc:datafield><marc:datafield ind1="1" ind2=" " tag="700"><marc:subfield code="a">Gledson, John</marc:subfield><marc:subfield code="d">1945-</marc:subfield><marc:subfield code="4">intr</marc:subfield></marc:datafield><marc:datafield ind1=" " ind2=" " tag="945"><marc:subfield code="a">L</marc:subfield><marc:subfield code="b">LIVRO</marc:subfield><marc:subfield code="c">01</marc:subfield></marc:datafield></marc:record>