<marc:record><marc:leader>00675nam   200205Ia 45  </marc:leader><marc:controlfield tag="005">20110814012000.0</marc:controlfield><marc:controlfield tag="008">      s2000    bl            000 0 por d</marc:controlfield><marc:datafield ind1=" " ind2=" " tag="020"><marc:subfield code="a">8531405718</marc:subfield></marc:datafield><marc:datafield ind1=" " ind2=" " tag="040"><marc:subfield code="a">USP/SIBI</marc:subfield></marc:datafield><marc:datafield ind1="0" ind2=" " tag="041"><marc:subfield code="a">por</marc:subfield></marc:datafield><marc:datafield ind1=" " ind2=" " tag="044"><marc:subfield code="a">bl</marc:subfield></marc:datafield><marc:datafield ind1="0" ind2=" " tag="092"><marc:subfield code="a">299.6</marc:subfield></marc:datafield><marc:datafield ind1="1" ind2=" " tag="100"><marc:subfield code="a">Silva, Vagner Gon&#231;alves da</marc:subfield></marc:datafield><marc:datafield ind1="1" ind2="0" tag="245"><marc:subfield code="a">O antrop&#243;logo e sua magia</marc:subfield><marc:subfield code="b">trabalho de campo e texto etnogr&#225;fico nas pesquisas antropol&#243;gicas sobre religi&#245;es afro-brasileiras</marc:subfield><marc:subfield code="c">Vagner Gon&#231;alves da Silva</marc:subfield></marc:datafield><marc:datafield ind1=" " ind2=" " tag="260"><marc:subfield code="a">S&#227; Paulo</marc:subfield><marc:subfield code="b">EDUSP</marc:subfield><marc:subfield code="c">2000</marc:subfield></marc:datafield><marc:datafield ind1=" " ind2=" " tag="300"><marc:subfield code="a">194 p</marc:subfield></marc:datafield><marc:datafield ind1=" " ind2=" " tag="504"><marc:subfield code="a">Inclui bibliografia</marc:subfield></marc:datafield><marc:datafield ind1=" " ind2="7" tag="650"><marc:subfield code="a">RELIGI&#213;ES AFRO-BRASILEIRAS</marc:subfield><marc:subfield code="2">larpcal</marc:subfield></marc:datafield><marc:datafield ind1=" " ind2="7" tag="650"><marc:subfield code="a">ANTROPOLOGIA CULTURAL E SOCIAL</marc:subfield><marc:subfield code="2">larpcal</marc:subfield></marc:datafield><marc:datafield ind1=" " ind2=" " tag="945"><marc:subfield code="a">L</marc:subfield><marc:subfield code="b">LIVRO</marc:subfield><marc:subfield code="c">01</marc:subfield></marc:datafield></marc:record>