<marc:record><marc:leader>01577aam  22003374a 45e0</marc:leader><marc:controlfield tag="005">$$a2001062015272</marc:controlfield><marc:controlfield tag="008">980512s1997    po b     bc  f000 0 por  </marc:controlfield><marc:datafield ind1=" " ind2=" " tag="010"><marc:subfield code="a">98149277</marc:subfield></marc:datafield><marc:datafield ind1=" " ind2=" " tag="019"><marc:subfield code="a">37807038</marc:subfield></marc:datafield><marc:datafield ind1=" " ind2=" " tag="020"><marc:subfield code="a">9728325215</marc:subfield></marc:datafield><marc:datafield ind1=" " ind2=" " tag="035"><marc:subfield code="a">(OCoLC)ocm41211145</marc:subfield></marc:datafield><marc:datafield ind1=" " ind2=" " tag="040"><marc:subfield code="a">DLC</marc:subfield><marc:subfield code="c">DLC</marc:subfield></marc:datafield><marc:datafield ind1="0" ind2=" " tag="041"><marc:subfield code="a">por</marc:subfield></marc:datafield><marc:datafield ind1=" " ind2=" " tag="042"><marc:subfield code="a">pcc</marc:subfield></marc:datafield><marc:datafield ind1=" " ind2=" " tag="043"><marc:subfield code="a">e-po---</marc:subfield><marc:subfield code="a">e-sp---</marc:subfield><marc:subfield code="a">s-bl---</marc:subfield></marc:datafield><marc:datafield ind1=" " ind2=" " tag="044"><marc:subfield code="a">po</marc:subfield></marc:datafield><marc:datafield ind1="0" ind2="0" tag="050"><marc:subfield code="a">F2554</marc:subfield><marc:subfield code="b">.A336 1997</marc:subfield></marc:datafield><marc:datafield ind1="0" ind2=" " tag="092"><marc:subfield code="a">912</marc:subfield></marc:datafield><marc:datafield ind1="2" ind2=" " tag="111"><marc:subfield code="a">Exposi&#231;&#227;o Cartografia e Diplomacia no Brasil do S&#233;culo XVIII</marc:subfield><marc:subfield code="d">(1997</marc:subfield><marc:subfield code="c">Lisbon, Portugal)</marc:subfield></marc:datafield><marc:datafield ind1="1" ind2="0" tag="245"><marc:subfield code="a">Cartografia e diplomacia no Brasil do s&#233;culo XVIII</marc:subfield></marc:datafield><marc:datafield ind1=" " ind2=" " tag="260"><marc:subfield code="a">Lisboa</marc:subfield><marc:subfield code="b">Comiss&#227;o Nacional para as Comemora&#231;&#245;es dos Descobrimentos Portugueses</marc:subfield><marc:subfield code="c">1997</marc:subfield></marc:datafield><marc:datafield ind1=" " ind2=" " tag="300"><marc:subfield code="a">98 p.</marc:subfield><marc:subfield code="b">col. maps</marc:subfield><marc:subfield code="c">30 cm</marc:subfield></marc:datafield><marc:datafield ind1=" " ind2=" " tag="504"><marc:subfield code="a">Includes bibliographical references</marc:subfield></marc:datafield><marc:datafield ind1=" " ind2=" " tag="500"><marc:subfield code="a">"Cat&#225;logo ... obra realizada por ocasi&#227;o da Exposi&#231;&#227;o Cartografia e Diplomacia no Brasil do S&#233;culo XVIII, Cordoaria [Nacional, Lisboa], 7 de julho a 7 de agosto de 1997 no &#226;mbito do XVII Congresso Internacional de Hist&#243;ria da C artografia"--T.p. verso</marc:subfield></marc:datafield><marc:datafield ind1="2" ind2="0" tag="611"><marc:subfield code="a">Exposi&#231;&#227;o Cartografia e Diplomacia no Brasil do S&#233;culo XVIII</marc:subfield><marc:subfield code="d">(1997</marc:subfield><marc:subfield code="c">Lisbon, Portugal)</marc:subfield></marc:datafield><marc:datafield ind1=" " ind2="7" tag="650"><marc:subfield code="a">CARTOGRAFIA (HIST&#211;RIA)</marc:subfield><marc:subfield code="2">larpcal</marc:subfield></marc:datafield><marc:datafield ind1=" " ind2="0" tag="651"><marc:subfield code="a">Brazil</marc:subfield><marc:subfield code="x">Boundaries</marc:subfield><marc:subfield code="v">Maps</marc:subfield><marc:subfield code="v">Early works to 1800</marc:subfield><marc:subfield code="v">Exhibitions</marc:subfield></marc:datafield><marc:datafield ind1=" " ind2="0" tag="651"><marc:subfield code="a">Portugal</marc:subfield><marc:subfield code="x">Foreign relations</marc:subfield><marc:subfield code="v">Treaties</marc:subfield><marc:subfield code="v">Maps</marc:subfield><marc:subfield code="v">Early works to 1800</marc:subfield><marc:subfield code="v">Exhibitions</marc:subfield></marc:datafield><marc:datafield ind1=" " ind2="0" tag="651"><marc:subfield code="a">Spain</marc:subfield><marc:subfield code="x">Foreign relations</marc:subfield><marc:subfield code="v">Treaties</marc:subfield><marc:subfield code="v">Maps</marc:subfield><marc:subfield code="v">Early works to 1800</marc:subfield><marc:subfield code="v">Exhibitions</marc:subfield></marc:datafield><marc:datafield ind1="2" ind2=" " tag="710"><marc:subfield code="a">Comiss&#227;o Nacional para as Comemora&#231;&#245;es dos Descobrimentos Portugueses</marc:subfield></marc:datafield><marc:datafield ind1=" " ind2=" " tag="945"><marc:subfield code="a">L</marc:subfield><marc:subfield code="b">LIVRO</marc:subfield><marc:subfield code="c">01</marc:subfield></marc:datafield></marc:record>