<marc:record><marc:leader>01154nam  2200301Ia 45e0</marc:leader><marc:controlfield tag="005">$$a2001081415550</marc:controlfield><marc:controlfield tag="008">840627s1980    bl       b    000 0 por d</marc:controlfield><marc:datafield ind1=" " ind2=" " tag="035"><marc:subfield code="a">(OCoLC)ocm10890494</marc:subfield></marc:datafield><marc:datafield ind1=" " ind2=" " tag="040"><marc:subfield code="a">UIU</marc:subfield><marc:subfield code="c">UIU</marc:subfield></marc:datafield><marc:datafield ind1="0" ind2=" " tag="041"><marc:subfield code="a">por</marc:subfield></marc:datafield><marc:datafield ind1=" " ind2=" " tag="043"><marc:subfield code="a">s-bl---</marc:subfield></marc:datafield><marc:datafield ind1=" " ind2=" " tag="044"><marc:subfield code="a">bl</marc:subfield></marc:datafield><marc:datafield ind1="0" ind2=" " tag="092"><marc:subfield code="a">711.40981</marc:subfield><marc:subfield code="b">Sa6co</marc:subfield><marc:subfield code="2">19</marc:subfield></marc:datafield><marc:datafield ind1="1" ind2=" " tag="100"><marc:subfield code="a">Cordeiro, Helena Kohn</marc:subfield></marc:datafield><marc:datafield ind1="1" ind2="2" tag="245"><marc:subfield code="a">O centro da metr&#243;pole Paulistana</marc:subfield><marc:subfield code="b">expans&#227;o recente</marc:subfield><marc:subfield code="c">Helena Kohn Cordeiro</marc:subfield></marc:datafield><marc:datafield ind1=" " ind2=" " tag="260"><marc:subfield code="a">S&#227;o Paulo</marc:subfield><marc:subfield code="b">IGEOG-USP</marc:subfield><marc:subfield code="c">1980</marc:subfield></marc:datafield><marc:datafield ind1=" " ind2=" " tag="300"><marc:subfield code="a">184 p</marc:subfield><marc:subfield code="c">24 cm</marc:subfield></marc:datafield><marc:datafield ind1=" " ind2="0" tag="440"><marc:subfield code="a">S&#233;rie Teses e Monografias</marc:subfield><marc:subfield code="v">v. 40</marc:subfield></marc:datafield><marc:datafield ind1=" " ind2=" " tag="590"><marc:subfield code="a">O exemplar da cole&#231;&#227;o Alice Piffer Canabrava cont&#233;m dedicat&#243;ria (na biblioteca do IEB)</marc:subfield></marc:datafield><marc:datafield ind1=" " ind2=" " tag="500"><marc:subfield code="a">"Tese de doutoramento apresentada na &#193;rea de Geografia Humana do Departamento de Geografia, em agosto de 1979."</marc:subfield></marc:datafield><marc:datafield ind1=" " ind2=" " tag="504"><marc:subfield code="a">Bibliography: p. 177-184</marc:subfield></marc:datafield><marc:datafield ind1=" " ind2="0" tag="650"><marc:subfield code="a">Downtown business districts</marc:subfield><marc:subfield code="z">Brazil</marc:subfield><marc:subfield code="z">S&#227;o Paulo</marc:subfield></marc:datafield><marc:datafield ind1=" " ind2="0" tag="650"><marc:subfield code="a">Urban renewal</marc:subfield><marc:subfield code="z">Brazil</marc:subfield><marc:subfield code="z">S&#227;o Paulo</marc:subfield></marc:datafield><marc:datafield ind1=" " ind2="0" tag="650"><marc:subfield code="a">City planning</marc:subfield><marc:subfield code="z">Brazil</marc:subfield></marc:datafield><marc:datafield ind1=" " ind2="7" tag="650"><marc:subfield code="a">URBANIZA&#199;&#195;O (ASPECTOS SOCIAIS)</marc:subfield><marc:subfield code="2">larpcal</marc:subfield></marc:datafield><marc:datafield ind1=" " ind2="0" tag="651"><marc:subfield code="a">S&#227;o Paulo (Brazil)</marc:subfield><marc:subfield code="x">City planning</marc:subfield></marc:datafield><marc:datafield ind1="2" ind2=" " tag="710"><marc:subfield code="a">Universidade de S&#227;o Paulo</marc:subfield><marc:subfield code="b">Instituto de Geografia</marc:subfield></marc:datafield><marc:datafield ind1=" " ind2=" " tag="945"><marc:subfield code="a">L</marc:subfield><marc:subfield code="b">LIVRO</marc:subfield><marc:subfield code="c">01</marc:subfield></marc:datafield></marc:record>