<marc:record><marc:leader>00953nam   200265Ia 45  </marc:leader><marc:controlfield tag="005">20130717105500.0</marc:controlfield><marc:controlfield tag="008">010827s1998    bl a    r     001 0 por d</marc:controlfield><marc:datafield ind1=" " ind2=" " tag="020"><marc:subfield code="a">9788571647577</marc:subfield></marc:datafield><marc:datafield ind1=" " ind2=" " tag="040"><marc:subfield code="a">USP/SIBI</marc:subfield></marc:datafield><marc:datafield ind1="0" ind2=" " tag="041"><marc:subfield code="a">por</marc:subfield></marc:datafield><marc:datafield ind1=" " ind2=" " tag="044"><marc:subfield code="a">bl</marc:subfield></marc:datafield><marc:datafield ind1=" " ind2=" " tag="092"><marc:subfield code="a">305.5520981611</marc:subfield></marc:datafield><marc:datafield ind1=" " ind2="9" tag="099"><marc:subfield code="a">301.362(81.61)</marc:subfield></marc:datafield><marc:datafield ind1="1" ind2=" " tag="100"><marc:subfield code="a">Pontes, Heloisa Andrade</marc:subfield></marc:datafield><marc:datafield ind1="1" ind2="0" tag="245"><marc:subfield code="a">Destinos mistos</marc:subfield><marc:subfield code="b">os cr&#237;ticos do grupo clima em S&#227;o Paulo (1940-68)</marc:subfield><marc:subfield code="c">Heloisa Andrade Pontes</marc:subfield></marc:datafield><marc:datafield ind1=" " ind2=" " tag="260"><marc:subfield code="a">S&#227;o Paulo</marc:subfield><marc:subfield code="b">Companhia das Letras</marc:subfield><marc:subfield code="c">1998</marc:subfield></marc:datafield><marc:datafield ind1=" " ind2=" " tag="300"><marc:subfield code="a">297 p.</marc:subfield><marc:subfield code="b">il</marc:subfield></marc:datafield><marc:datafield ind1=" " ind2=" " tag="500"><marc:subfield code="a">Originalmente apresentada como tese do autor (Doutorado - Faculdade de Filosofia, Letras e Ci&#234;ncias Humanas da Universidade de S&#227;o Paulo)</marc:subfield></marc:datafield><marc:datafield ind1=" " ind2=" " tag="504"><marc:subfield code="a">Inclui refer&#234;ncias e &#237;ndice</marc:subfield></marc:datafield><marc:datafield ind1="2" ind2="7" tag="610"><marc:subfield code="a">Grupo Clima</marc:subfield></marc:datafield><marc:datafield ind1=" " ind2="7" tag="650"><marc:subfield code="a">SOCIOLOGIA URBANA</marc:subfield><marc:subfield code="2">larpcal</marc:subfield></marc:datafield><marc:datafield ind1=" " ind2="7" tag="650"><marc:subfield code="a">CULTURA</marc:subfield><marc:subfield code="2">larpcal</marc:subfield></marc:datafield><marc:datafield ind1=" " ind2="7" tag="650"><marc:subfield code="a">INTELECTUAIS</marc:subfield><marc:subfield code="z">S&#195;O PAULO (SP)</marc:subfield><marc:subfield code="2">larpcal</marc:subfield></marc:datafield><marc:datafield ind1=" " ind2="7" tag="650"><marc:subfield code="a">CULTURA (HIST&#211;RIA)</marc:subfield><marc:subfield code="y">1940-1968</marc:subfield><marc:subfield code="z">S&#195;O PAULO</marc:subfield><marc:subfield code="2">larpcal</marc:subfield></marc:datafield><marc:datafield ind1=" " ind2=" " tag="945"><marc:subfield code="a">L</marc:subfield><marc:subfield code="b">LIVRO</marc:subfield><marc:subfield code="c">01</marc:subfield></marc:datafield></marc:record>