<marc:record><marc:leader>00910cam  2200241Ia 45e0</marc:leader><marc:controlfield tag="005">$$a2002011408433</marc:controlfield><marc:controlfield tag="008">780517s1956    bl            000 1 por d</marc:controlfield><marc:datafield ind1=" " ind2=" " tag="035"><marc:subfield code="a">(OCoLC)ocm03904613</marc:subfield></marc:datafield><marc:datafield ind1=" " ind2=" " tag="040"><marc:subfield code="a">ANC</marc:subfield><marc:subfield code="c">ANC</marc:subfield><marc:subfield code="d">NOC</marc:subfield></marc:datafield><marc:datafield ind1="0" ind2=" " tag="041"><marc:subfield code="a">por</marc:subfield></marc:datafield><marc:datafield ind1=" " ind2=" " tag="044"><marc:subfield code="a">bl</marc:subfield></marc:datafield><marc:datafield ind1=" " ind2=" " tag="090"><marc:subfield code="a">PQ9697.C244</marc:subfield><marc:subfield code="b">B6 1956</marc:subfield></marc:datafield><marc:datafield ind1="0" ind2=" " tag="092"><marc:subfield code="a">869.9349</marc:subfield></marc:datafield><marc:datafield ind1="1" ind2=" " tag="100"><marc:subfield code="a">Caminha, Adolfo</marc:subfield><marc:subfield code="d">1867-1897</marc:subfield></marc:datafield><marc:datafield ind1="1" ind2="0" tag="245"><marc:subfield code="a">Bom-Crioulo</marc:subfield><marc:subfield code="c">Adolfo Caminha</marc:subfield></marc:datafield><marc:datafield ind1=" " ind2=" " tag="250"><marc:subfield code="a">3a ed., feita de ac&#244;rdo com a 1a</marc:subfield><marc:subfield code="b">rev. e anotada pelo Adriano da Gama Kury</marc:subfield></marc:datafield><marc:datafield ind1=" " ind2=" " tag="260"><marc:subfield code="a">Rio de Janeiro</marc:subfield><marc:subfield code="b">Organiza&#231;&#227;o Sim&#245;es</marc:subfield><marc:subfield code="c">1956</marc:subfield></marc:datafield><marc:datafield ind1=" " ind2=" " tag="300"><marc:subfield code="a">192 p</marc:subfield><marc:subfield code="c">22 cm</marc:subfield></marc:datafield><marc:datafield ind1=" " ind2=" " tag="590"><marc:subfield code="a">Na Biblioteca da FFLCH, o e. 1 pertence &#224; Cole&#231;&#227;o Lucila Bernadet</marc:subfield></marc:datafield><marc:datafield ind1=" " ind2="7" tag="650"><marc:subfield code="a">ROMANCE</marc:subfield><marc:subfield code="y">S&#201;CULO 19</marc:subfield><marc:subfield code="2">larpcal</marc:subfield></marc:datafield><marc:datafield ind1=" " ind2="7" tag="650"><marc:subfield code="a">LITERATURA BRASILEIRA</marc:subfield><marc:subfield code="2">larpcal</marc:subfield></marc:datafield><marc:datafield ind1="4" ind2=" " tag="856"><marc:subfield code="z">"Clicar" para acesso ao documento na Biblioteca Digital do IEB</marc:subfield><marc:subfield code="u">http://200.144.255.123/Imagens/Biblioteca/HL/Media/HL1195.pdf</marc:subfield><marc:subfield code="3">Documento completo</marc:subfield></marc:datafield><marc:datafield ind1=" " ind2=" " tag="945"><marc:subfield code="a">L</marc:subfield><marc:subfield code="b">LIVRO</marc:subfield><marc:subfield code="c">01</marc:subfield></marc:datafield></marc:record>