<marc:record><marc:leader>01237nam   200301Ia 45  </marc:leader><marc:controlfield tag="005">20170318121100.0</marc:controlfield><marc:controlfield tag="008">020227s1979    bl            000 0 por d</marc:controlfield><marc:datafield ind1=" " ind2=" " tag="040"><marc:subfield code="a">USP/SIBI</marc:subfield></marc:datafield><marc:datafield ind1="1" ind2=" " tag="041"><marc:subfield code="a">por</marc:subfield><marc:subfield code="h">ger</marc:subfield></marc:datafield><marc:datafield ind1=" " ind2=" " tag="044"><marc:subfield code="a">bl</marc:subfield></marc:datafield><marc:datafield ind1="0" ind2=" " tag="092"><marc:subfield code="a">199.439</marc:subfield></marc:datafield><marc:datafield ind1="1" ind2=" " tag="100"><marc:subfield code="a">Luk&#225;cs, Gy&#246;rgy</marc:subfield><marc:subfield code="d">1885-1971</marc:subfield></marc:datafield><marc:datafield ind1="1" ind2="0" tag="242"><marc:subfield code="a">Zur Ontologie des Gesellschaftlichen Seins</marc:subfield></marc:datafield><marc:datafield ind1="1" ind2="0" tag="245"><marc:subfield code="a">Ontologia do ser social</marc:subfield><marc:subfield code="b">a falsa e a verdadeira ontologia de Hegel</marc:subfield><marc:subfield code="c">Gy&#246;rgy Luk&#225;cs ; tradu&#231;&#227;o de Carlos Nelson Coutinho ; [capa de Raul Mateos Castell ; revis&#227;o de Antonio Elias Ribeiro]</marc:subfield></marc:datafield><marc:datafield ind1="1" ind2="0" tag="246"><marc:subfield code="a">Falsa e a verdadeira ontologia de Hegel</marc:subfield></marc:datafield><marc:datafield ind1="0" ind2="4" tag="246"><marc:subfield code="a">Luk&#225;cs</marc:subfield></marc:datafield><marc:datafield ind1=" " ind2=" " tag="260"><marc:subfield code="a">S&#227;o Paulo</marc:subfield><marc:subfield code="b">Livraria Editora Ci&#234;ncias Humanas</marc:subfield><marc:subfield code="c">1979</marc:subfield></marc:datafield><marc:datafield ind1=" " ind2=" " tag="300"><marc:subfield code="a">114 p</marc:subfield></marc:datafield><marc:datafield ind1="0" ind2=" " tag="490"><marc:subfield code="a">Brasil ontem e hoje</marc:subfield></marc:datafield><marc:datafield ind1=" " ind2=" " tag="534"><marc:subfield code="p">T&#237;tulo original:</marc:subfield><marc:subfield code="t">Zur ontologie des gesellschaftlichen seins: Hegels falsche und echte ontologie</marc:subfield></marc:datafield><marc:datafield ind1=" " ind2=" " tag="590"><marc:subfield code="a">Na Biblioteca da FFLCH, o e. 4 pertence &#224; Cole&#231;&#227;o Antonio Candido</marc:subfield></marc:datafield><marc:datafield ind1="1" ind2="7" tag="600"><marc:subfield code="a">Hegel, Georg Wilhelm Friedrich</marc:subfield><marc:subfield code="d">1770-1831</marc:subfield></marc:datafield><marc:datafield ind1=" " ind2="7" tag="650"><marc:subfield code="a">ONTOLOGIA</marc:subfield><marc:subfield code="2">larpcal</marc:subfield></marc:datafield><marc:datafield ind1=" " ind2="7" tag="650"><marc:subfield code="a">FILOSOFIA CONTEMPOR&#194;NEA</marc:subfield><marc:subfield code="z">ALEMANHA</marc:subfield><marc:subfield code="2">larpcal</marc:subfield></marc:datafield><marc:datafield ind1="1" ind2=" " tag="700"><marc:subfield code="a">Coutinho, Carlos Nelson</marc:subfield><marc:subfield code="d">1943-</marc:subfield><marc:subfield code="4">trad</marc:subfield></marc:datafield><marc:datafield ind1="1" ind2=" " tag="700"><marc:subfield code="a">Castell, Raul Mateos</marc:subfield><marc:subfield code="4">il</marc:subfield></marc:datafield><marc:datafield ind1="1" ind2=" " tag="700"><marc:subfield code="a">Ribeiro, Antonio Elias</marc:subfield><marc:subfield code="4">rev</marc:subfield></marc:datafield><marc:datafield ind1=" " ind2=" " tag="945"><marc:subfield code="a">L</marc:subfield><marc:subfield code="b">LIVRO</marc:subfield><marc:subfield code="c">01</marc:subfield></marc:datafield></marc:record>