<marc:record><marc:leader>00963nam   200265Ia 45  </marc:leader><marc:controlfield tag="005">20131128164400.0</marc:controlfield><marc:controlfield tag="008">020308s2000    bl a    r    s000 0 por d</marc:controlfield><marc:datafield ind1=" " ind2=" " tag="040"><marc:subfield code="a">USP/SIBI</marc:subfield></marc:datafield><marc:datafield ind1="0" ind2=" " tag="041"><marc:subfield code="a">por</marc:subfield></marc:datafield><marc:datafield ind1=" " ind2=" " tag="044"><marc:subfield code="a">bl</marc:subfield></marc:datafield><marc:datafield ind1="0" ind2=" " tag="092"><marc:subfield code="a">325.20981411</marc:subfield></marc:datafield><marc:datafield ind1="2" ind2=" " tag="110"><marc:subfield code="a">Memorial do Imigrante/Museu da Imigra&#231;&#227;o (S&#227;o Paulo)</marc:subfield></marc:datafield><marc:datafield ind1="1" ind2="0" tag="245"><marc:subfield code="a">Breve hist&#243;ria da Hospedaria de Imigrantes e da imigra&#231;&#227;o para S&#227;o Paulo</marc:subfield><marc:subfield code="c">pesquisa e texto [de] Odair da Cruz Paiva ; revis&#227;o [de] Ondina Antonio Rodrigues</marc:subfield></marc:datafield><marc:datafield ind1=" " ind2=" " tag="260"><marc:subfield code="a">S&#227;o Paulo</marc:subfield><marc:subfield code="b">Memorial do Imigrante</marc:subfield><marc:subfield code="c">2000</marc:subfield></marc:datafield><marc:datafield ind1=" " ind2=" " tag="300"><marc:subfield code="a">56 p</marc:subfield><marc:subfield code="b">il. fots. tabs. grafs. maps</marc:subfield><marc:subfield code="c">21 cm</marc:subfield></marc:datafield><marc:datafield ind1="0" ind2=" " tag="490"><marc:subfield code="a">S&#233;rie resumos</marc:subfield><marc:subfield code="v">7</marc:subfield></marc:datafield><marc:datafield ind1="2" ind2=" " tag="505"><marc:subfield code="a">Cronologia e anexos</marc:subfield></marc:datafield><marc:datafield ind1=" " ind2=" " tag="504"><marc:subfield code="a">Bibliografia</marc:subfield></marc:datafield><marc:datafield ind1="2" ind2="7" tag="610"><marc:subfield code="a">Hospedaria dos Imigrantes (S&#227;o Paulo)</marc:subfield></marc:datafield><marc:datafield ind1=" " ind2="7" tag="650"><marc:subfield code="a">IMIGRA&#199;&#195;O</marc:subfield><marc:subfield code="z">S&#195;O PAULO</marc:subfield><marc:subfield code="2">larpcal</marc:subfield></marc:datafield><marc:datafield ind1=" " ind2="7" tag="650"><marc:subfield code="a">HOSPEDAGEM</marc:subfield><marc:subfield code="2">larpcal</marc:subfield></marc:datafield><marc:datafield ind1=" " ind2="7" tag="650"><marc:subfield code="a">IMIGRANTES</marc:subfield><marc:subfield code="2">larpcal</marc:subfield></marc:datafield><marc:datafield ind1="1" ind2=" " tag="700"><marc:subfield code="a">Paiva, Odair da Cruz</marc:subfield><marc:subfield code="4">pesq</marc:subfield><marc:subfield code="4">text</marc:subfield></marc:datafield><marc:datafield ind1="1" ind2=" " tag="700"><marc:subfield code="a">Rodrigues, Ondina Antonio</marc:subfield><marc:subfield code="4">rev</marc:subfield></marc:datafield><marc:datafield ind1=" " ind2=" " tag="945"><marc:subfield code="a">L</marc:subfield><marc:subfield code="b">LIVRO</marc:subfield><marc:subfield code="c">01</marc:subfield></marc:datafield></marc:record>