<marc:record><marc:leader>00874cam 22000241 4545  </marc:leader><marc:controlfield tag="005">$$a2002031308454</marc:controlfield><marc:controlfield tag="008">741030s1968 sp 000 0 spa d              </marc:controlfield><marc:datafield ind1=" " ind2=" " tag="035"><marc:subfield code="a">(OCoLC)ocm01061307</marc:subfield></marc:datafield><marc:datafield ind1=" " ind2=" " tag="040"><marc:subfield code="a">PAU</marc:subfield><marc:subfield code="c">PAU</marc:subfield><marc:subfield code="d">OCL</marc:subfield></marc:datafield><marc:datafield ind1="0" ind2=" " tag="041"><marc:subfield code="a">por</marc:subfield></marc:datafield><marc:datafield ind1=" " ind2=" " tag="044"><marc:subfield code="a">bl</marc:subfield></marc:datafield><marc:datafield ind1=" " ind2=" " tag="090"><marc:subfield code="a">P281</marc:subfield><marc:subfield code="b">.W418</marc:subfield></marc:datafield><marc:datafield ind1="0" ind2=" " tag="092"><marc:subfield code="a">410</marc:subfield></marc:datafield><marc:datafield ind1="1" ind2=" " tag="100"><marc:subfield code="a">Weinrich, Harald</marc:subfield><marc:subfield code="d">1927-</marc:subfield></marc:datafield><marc:datafield ind1="1" ind2="0" tag="245"><marc:subfield code="a">Estructura y funci&#243;n de los tiempos en el lenguaje</marc:subfield><marc:subfield code="c">Versi&#243;n espa&#241;ola de Federico Latorre</marc:subfield></marc:datafield><marc:datafield ind1=" " ind2=" " tag="260"><marc:subfield code="a">Madrid</marc:subfield><marc:subfield code="b">Editorial Gredos,S.A.</marc:subfield><marc:subfield code="c">1968</marc:subfield></marc:datafield><marc:datafield ind1=" " ind2=" " tag="300"><marc:subfield code="a">429 p</marc:subfield><marc:subfield code="c">20 cm</marc:subfield></marc:datafield><marc:datafield ind1="0" ind2=" " tag="490"><marc:subfield code="a">Biblioteca Romnica Hispnica. II. Estudios y ensayos</marc:subfield><marc:subfield code="v">v. 115</marc:subfield></marc:datafield><marc:datafield ind1=" " ind2=" " tag="500"><marc:subfield code="a">T&#237;tulo original: Tempus besprochene und erz&#228;hlte Welt. Stuttgart,W.Kohlhammer,l964</marc:subfield></marc:datafield><marc:datafield ind1=" " ind2=" " tag="590"><marc:subfield code="a">Na Biblioteca da FFLCH, o e. 2 pertence &#224; Cole&#231;&#227;o Lucila Bernadet</marc:subfield></marc:datafield><marc:datafield ind1=" " ind2="0" tag="650"><marc:subfield code="a">Grammar, Comparative and general</marc:subfield><marc:subfield code="x">Tense</marc:subfield></marc:datafield><marc:datafield ind1=" " ind2="7" tag="650"><marc:subfield code="a">LINGU&#205;STICA</marc:subfield><marc:subfield code="2">larpcal</marc:subfield></marc:datafield><marc:datafield ind1=" " ind2=" " tag="945"><marc:subfield code="a">L</marc:subfield><marc:subfield code="b">LIVRO</marc:subfield><marc:subfield code="c">01</marc:subfield></marc:datafield></marc:record>