<marc:record><marc:leader>00926nam 22000289a 4450 </marc:leader><marc:controlfield tag="005">$$a2002061414294</marc:controlfield><marc:controlfield tag="008">011211s2001 bl 000 0 por c              </marc:controlfield><marc:datafield ind1=" " ind2=" " tag="020"><marc:subfield code="a">8535901558</marc:subfield></marc:datafield><marc:datafield ind1=" " ind2=" " tag="035"><marc:subfield code="a">(OCoLC)ocm49331688</marc:subfield></marc:datafield><marc:datafield ind1=" " ind2=" " tag="040"><marc:subfield code="a">ZCU</marc:subfield><marc:subfield code="c">ZCU</marc:subfield></marc:datafield><marc:datafield ind1="0" ind2=" " tag="041"><marc:subfield code="a">por</marc:subfield></marc:datafield><marc:datafield ind1=" " ind2=" " tag="044"><marc:subfield code="a">bl</marc:subfield></marc:datafield><marc:datafield ind1=" " ind2="4" tag="050"><marc:subfield code="a">S475.B6</marc:subfield><marc:subfield code="b">T38 2001</marc:subfield></marc:datafield><marc:datafield ind1="1" ind2=" " tag="100"><marc:subfield code="a">Taunay, Carlos Augusto</marc:subfield><marc:subfield code="d">1791-1867</marc:subfield></marc:datafield><marc:datafield ind1="1" ind2="0" tag="245"><marc:subfield code="a">Manual do agricultor brasileiro</marc:subfield><marc:subfield code="c">Carlos Augusto Taunay ; organiza&#231;&#227;o, Rafael de Bivar Marquese</marc:subfield></marc:datafield><marc:datafield ind1=" " ind2=" " tag="260"><marc:subfield code="a">S&#227;o Paulo</marc:subfield><marc:subfield code="b">Companhia das Letras</marc:subfield><marc:subfield code="c">2001</marc:subfield></marc:datafield><marc:datafield ind1=" " ind2=" " tag="300"><marc:subfield code="a">321 p.</marc:subfield><marc:subfield code="c">16 cm</marc:subfield></marc:datafield><marc:datafield ind1="1" ind2=" " tag="490"><marc:subfield code="a">Cole&#231;&#227;o Retratos do Brasil</marc:subfield><marc:subfield code="v">21</marc:subfield></marc:datafield><marc:datafield ind1=" " ind2="0" tag="650"><marc:subfield code="a">Agriculture</marc:subfield><marc:subfield code="z">Brazil</marc:subfield></marc:datafield><marc:datafield ind1=" " ind2="0" tag="650"><marc:subfield code="a">Slavery</marc:subfield><marc:subfield code="z">Brazil</marc:subfield></marc:datafield><marc:datafield ind1=" " ind2="0" tag="650"><marc:subfield code="a">Slave labor</marc:subfield><marc:subfield code="z">Brazil</marc:subfield></marc:datafield><marc:datafield ind1=" " ind2="7" tag="650"><marc:subfield code="a">AGRICULTURA</marc:subfield><marc:subfield code="z">BRASIL</marc:subfield><marc:subfield code="2">larpcal</marc:subfield></marc:datafield><marc:datafield ind1=" " ind2="7" tag="650"><marc:subfield code="a">ESCRAVID&#195;O</marc:subfield><marc:subfield code="z">BRASIL</marc:subfield><marc:subfield code="2">larpcal</marc:subfield></marc:datafield><marc:datafield ind1=" " ind2="7" tag="650"><marc:subfield code="a">TRABALHO ESCRAVO</marc:subfield><marc:subfield code="z">BRASIL</marc:subfield><marc:subfield code="2">larpcal</marc:subfield></marc:datafield><marc:datafield ind1="1" ind2=" " tag="700"><marc:subfield code="a">Marquese, Rafael de Bivar</marc:subfield><marc:subfield code="d">1972-</marc:subfield></marc:datafield><marc:datafield ind1=" " ind2="0" tag="830"><marc:subfield code="a">Retratos do Brasil</marc:subfield><marc:subfield code="v">21</marc:subfield></marc:datafield><marc:datafield ind1=" " ind2=" " tag="945"><marc:subfield code="a">L</marc:subfield><marc:subfield code="b">LIVRO</marc:subfield><marc:subfield code="c">01</marc:subfield></marc:datafield></marc:record>