<marc:record><marc:leader>00720nam   200205Ia 45  </marc:leader><marc:controlfield tag="005">20161107163600.0</marc:controlfield><marc:controlfield tag="008">020829s2002    bl a          000 0 por d</marc:controlfield><marc:datafield ind1=" " ind2=" " tag="020"><marc:subfield code="a">8573262354</marc:subfield></marc:datafield><marc:datafield ind1=" " ind2=" " tag="040"><marc:subfield code="a">USP/SIBI</marc:subfield></marc:datafield><marc:datafield ind1="0" ind2=" " tag="041"><marc:subfield code="a">por</marc:subfield></marc:datafield><marc:datafield ind1=" " ind2=" " tag="044"><marc:subfield code="a">bl</marc:subfield></marc:datafield><marc:datafield ind1="1" ind2=" " tag="100"><marc:subfield code="a">Garcia, Sylvia Gemignani</marc:subfield></marc:datafield><marc:datafield ind1="1" ind2="0" tag="245"><marc:subfield code="a">Destino &#237;mpar</marc:subfield><marc:subfield code="b">sobre a forma&#231;&#227;o de Florestan Fernandes</marc:subfield><marc:subfield code="c">Sylvia Gemignani Garcia</marc:subfield></marc:datafield><marc:datafield ind1=" " ind2=" " tag="260"><marc:subfield code="a">S&#227;o Paulo</marc:subfield><marc:subfield code="b">Editora 34</marc:subfield><marc:subfield code="c">2002</marc:subfield></marc:datafield><marc:datafield ind1=" " ind2=" " tag="300"><marc:subfield code="a">191 p.</marc:subfield><marc:subfield code="b">il</marc:subfield></marc:datafield><marc:datafield ind1=" " ind2=" " tag="504"><marc:subfield code="a">Inclui bibliografia</marc:subfield></marc:datafield><marc:datafield ind1="1" ind2="7" tag="600"><marc:subfield code="a">Fernandes, Florestan</marc:subfield><marc:subfield code="d">1920-1995</marc:subfield><marc:subfield code="2">larpcal</marc:subfield></marc:datafield><marc:datafield ind1=" " ind2="7" tag="650"><marc:subfield code="a">CI&#202;NCIAS SOCIAIS</marc:subfield><marc:subfield code="z">BRASIL</marc:subfield><marc:subfield code="2">larpcal</marc:subfield></marc:datafield><marc:datafield ind1="2" ind2=" " tag="710"><marc:subfield code="a">Universidade de S&#227;o Paulo</marc:subfield><marc:subfield code="b">Faculdade de Filosofia, Letras e Ci&#234;ncias Humanas. Curso de P&#243;s-Gradua&#231;&#227;o em Sociologia</marc:subfield></marc:datafield><marc:datafield ind1=" " ind2=" " tag="945"><marc:subfield code="a">L</marc:subfield><marc:subfield code="b">LIVRO</marc:subfield><marc:subfield code="c">01</marc:subfield></marc:datafield></marc:record>