<marc:record><marc:leader>00896nam  2200277Ia 45e0</marc:leader><marc:controlfield tag="005">$$a2002091310094</marc:controlfield><marc:controlfield tag="008">020325s2000    bl            000 0 por d</marc:controlfield><marc:datafield ind1=" " ind2=" " tag="010"><marc:subfield code="a">2001299260</marc:subfield></marc:datafield><marc:datafield ind1=" " ind2=" " tag="019"><marc:subfield code="a">49333039</marc:subfield></marc:datafield><marc:datafield ind1=" " ind2=" " tag="020"><marc:subfield code="a">8587769138</marc:subfield></marc:datafield><marc:datafield ind1=" " ind2=" " tag="035"><marc:subfield code="a">(OCoLC)ocm49391092</marc:subfield></marc:datafield><marc:datafield ind1=" " ind2=" " tag="040"><marc:subfield code="a">IND</marc:subfield><marc:subfield code="c">IND</marc:subfield><marc:subfield code="d">DLC</marc:subfield></marc:datafield><marc:datafield ind1="0" ind2=" " tag="041"><marc:subfield code="a">por</marc:subfield></marc:datafield><marc:datafield ind1=" " ind2=" " tag="043"><marc:subfield code="a">e-po---</marc:subfield></marc:datafield><marc:datafield ind1=" " ind2=" " tag="044"><marc:subfield code="a">bl</marc:subfield></marc:datafield><marc:datafield ind1=" " ind2=" " tag="090"><marc:subfield code="a">BL2592.U5</marc:subfield><marc:subfield code="b">P67 2000</marc:subfield></marc:datafield><marc:datafield ind1="0" ind2=" " tag="092"><marc:subfield code="a">299.6</marc:subfield></marc:datafield><marc:datafield ind1="1" ind2=" " tag="100"><marc:subfield code="a">Pordeus Jr., Ismael</marc:subfield><marc:subfield code="d">1948-</marc:subfield><marc:subfield code="q">(Pordeus J&#250;nior)</marc:subfield></marc:datafield><marc:datafield ind1="1" ind2="4" tag="245"><marc:subfield code="a">Uma casa luso-afro-portuguesa com certeza</marc:subfield><marc:subfield code="b">emigra&#231;&#245;es e metamorfoses da Umbanda em Portugal</marc:subfield><marc:subfield code="c">Ismael Pordeus Jr</marc:subfield></marc:datafield><marc:datafield ind1=" " ind2=" " tag="260"><marc:subfield code="a">[S&#227;o Paulo, Brazil]</marc:subfield><marc:subfield code="b">Terceira Margem Editora Did&#225;tica</marc:subfield><marc:subfield code="c">2000</marc:subfield></marc:datafield><marc:datafield ind1=" " ind2=" " tag="300"><marc:subfield code="a">261 p.</marc:subfield><marc:subfield code="b">ill.</marc:subfield><marc:subfield code="c">20 cm</marc:subfield></marc:datafield><marc:datafield ind1=" " ind2="0" tag="440"><marc:subfield code="a">Coleo Africa</marc:subfield></marc:datafield><marc:datafield ind1=" " ind2=" " tag="504"><marc:subfield code="a">Includes bibliographical references (p. [253]-261)</marc:subfield></marc:datafield><marc:datafield ind1=" " ind2="0" tag="650"><marc:subfield code="a">Umbanda (cult)</marc:subfield><marc:subfield code="z">Portugal</marc:subfield><marc:subfield code="x">History</marc:subfield></marc:datafield><marc:datafield ind1=" " ind2="7" tag="650"><marc:subfield code="a">UMBANDA</marc:subfield><marc:subfield code="z">PORTUGAL</marc:subfield><marc:subfield code="2">larpcal</marc:subfield></marc:datafield><marc:datafield ind1=" " ind2=" " tag="945"><marc:subfield code="a">L</marc:subfield><marc:subfield code="b">LIVRO</marc:subfield><marc:subfield code="c">01</marc:subfield></marc:datafield></marc:record>