<marc:record><marc:leader>01093aam  2200325 a 45e0</marc:leader><marc:controlfield tag="005">$$a2002093014514</marc:controlfield><marc:controlfield tag="008">001121s1999    bl       b    000 0 por  </marc:controlfield><marc:datafield ind1=" " ind2=" " tag="010"><marc:subfield code="a">00288232</marc:subfield></marc:datafield><marc:datafield ind1=" " ind2=" " tag="019"><marc:subfield code="a">45118222</marc:subfield></marc:datafield><marc:datafield ind1=" " ind2=" " tag="020"><marc:subfield code="a">8527104733</marc:subfield></marc:datafield><marc:datafield ind1=" " ind2=" " tag="035"><marc:subfield code="a">(OCoLC)ocm45177235</marc:subfield></marc:datafield><marc:datafield ind1=" " ind2=" " tag="040"><marc:subfield code="a">DLC</marc:subfield><marc:subfield code="c">DLC</marc:subfield><marc:subfield code="d">UIU</marc:subfield><marc:subfield code="d">AZS</marc:subfield><marc:subfield code="d">NYP</marc:subfield></marc:datafield><marc:datafield ind1="0" ind2=" " tag="041"><marc:subfield code="a">por</marc:subfield></marc:datafield><marc:datafield ind1=" " ind2=" " tag="042"><marc:subfield code="a">lcode</marc:subfield></marc:datafield><marc:datafield ind1=" " ind2=" " tag="043"><marc:subfield code="a">s-bl---</marc:subfield></marc:datafield><marc:datafield ind1=" " ind2=" " tag="044"><marc:subfield code="a">bl</marc:subfield></marc:datafield><marc:datafield ind1="0" ind2="0" tag="050"><marc:subfield code="a">HF3409.M5</marc:subfield><marc:subfield code="b">F87 1999</marc:subfield></marc:datafield><marc:datafield ind1="0" ind2=" " tag="092"><marc:subfield code="a">382.09469</marc:subfield><marc:subfield code="b">F984h</marc:subfield><marc:subfield code="2">21</marc:subfield></marc:datafield><marc:datafield ind1="1" ind2=" " tag="100"><marc:subfield code="a">Furtado, J&#250;nia Ferreira</marc:subfield></marc:datafield><marc:datafield ind1="1" ind2="0" tag="245"><marc:subfield code="a">Homens de neg&#243;cio</marc:subfield><marc:subfield code="b">a interioriza&#231;&#227;o da metr&#243;pole e do com&#233;rcio nas Minas setecentistas</marc:subfield><marc:subfield code="c">J&#250;nia Ferreira Furtado</marc:subfield></marc:datafield><marc:datafield ind1=" " ind2=" " tag="260"><marc:subfield code="a">S&#227;o Paulo</marc:subfield><marc:subfield code="b">Editora Hucitec</marc:subfield><marc:subfield code="c">1999</marc:subfield></marc:datafield><marc:datafield ind1=" " ind2=" " tag="300"><marc:subfield code="a">289 p.</marc:subfield><marc:subfield code="c">21 cm</marc:subfield></marc:datafield><marc:datafield ind1="1" ind2=" " tag="490"><marc:subfield code="a">Cole&#231;&#227;o Estudos Hist&#243;ricos</marc:subfield><marc:subfield code="v">38</marc:subfield></marc:datafield><marc:datafield ind1=" " ind2=" " tag="500"><marc:subfield code="a">Originally presented as the author\'s thesis (doctoral)--Universidade de S&#227;o Paulo</marc:subfield></marc:datafield><marc:datafield ind1=" " ind2=" " tag="504"><marc:subfield code="a">Includes bibliographical references (p. 281-289)</marc:subfield></marc:datafield><marc:datafield ind1=" " ind2="7" tag="650"><marc:subfield code="a">HISTORIOGRAFIA</marc:subfield><marc:subfield code="z">BRASIL</marc:subfield><marc:subfield code="2">larpcal</marc:subfield></marc:datafield><marc:datafield ind1=" " ind2="7" tag="650"><marc:subfield code="a">HIST&#211;RIA DO BRASIL</marc:subfield><marc:subfield code="y">S&#201;CULO 18</marc:subfield><marc:subfield code="2">larpcal</marc:subfield></marc:datafield><marc:datafield ind1=" " ind2="7" tag="651"><marc:subfield code="a">MINAS GERAIS</marc:subfield></marc:datafield><marc:datafield ind1=" " ind2="0" tag="830"><marc:subfield code="a">Coleo Estudos histricos</marc:subfield><marc:subfield code="v">38</marc:subfield></marc:datafield><marc:datafield ind1=" " ind2=" " tag="945"><marc:subfield code="a">L</marc:subfield><marc:subfield code="b">LIVRO</marc:subfield><marc:subfield code="c">01</marc:subfield></marc:datafield></marc:record>