<marc:record><marc:leader>00688nam   200217Ia 45  </marc:leader><marc:controlfield tag="005">20110814015500.0</marc:controlfield><marc:controlfield tag="008">      s2002    bl o          000 0 por d</marc:controlfield><marc:datafield ind1=" " ind2=" " tag="020"><marc:subfield code="a">8589090019</marc:subfield></marc:datafield><marc:datafield ind1=" " ind2=" " tag="040"><marc:subfield code="a">USP/SIBI</marc:subfield></marc:datafield><marc:datafield ind1="0" ind2=" " tag="041"><marc:subfield code="a">por</marc:subfield></marc:datafield><marc:datafield ind1=" " ind2=" " tag="044"><marc:subfield code="a">bl</marc:subfield></marc:datafield><marc:datafield ind1="0" ind2="1" tag="098"><marc:subfield code="a">627.51</marc:subfield></marc:datafield><marc:datafield ind1="1" ind2=" " tag="100"><marc:subfield code="a">Santos, Magda Carmo dos</marc:subfield></marc:datafield><marc:datafield ind1="1" ind2="0" tag="245"><marc:subfield code="a">&#193;guas revoltas</marc:subfield><marc:subfield code="b">hist&#243;ria das enchentes em Santo Andr&#233;</marc:subfield><marc:subfield code="c">Magda Santos</marc:subfield></marc:datafield><marc:datafield ind1=" " ind2=" " tag="260"><marc:subfield code="a">Santo Andr&#233;</marc:subfield><marc:subfield code="b">Semasa</marc:subfield><marc:subfield code="b">Prefeitura Municipal</marc:subfield><marc:subfield code="c">2002</marc:subfield></marc:datafield><marc:datafield ind1=" " ind2=" " tag="300"><marc:subfield code="a">106 p.</marc:subfield><marc:subfield code="b">il.</marc:subfield><marc:subfield code="c">27 cm</marc:subfield></marc:datafield><marc:datafield ind1=" " ind2="7" tag="650"><marc:subfield code="a">ENCHENTES URBANAS</marc:subfield><marc:subfield code="z">SANTO ANDRE(SP)</marc:subfield><marc:subfield code="2">larpcal</marc:subfield></marc:datafield><marc:datafield ind1=" " ind2="7" tag="650"><marc:subfield code="a">DRENAGEM URBANA</marc:subfield><marc:subfield code="2">larpcal</marc:subfield></marc:datafield><marc:datafield ind1=" " ind2="7" tag="651"><marc:subfield code="a">RIO TAMANDUATE&#205; (SP)</marc:subfield><marc:subfield code="2">larpcal</marc:subfield></marc:datafield><marc:datafield ind1=" " ind2="7" tag="651"><marc:subfield code="a">SANTO ANDR&#201; (SP) (ASPECTOS SOCIAIS)</marc:subfield><marc:subfield code="2">larpcal</marc:subfield></marc:datafield><marc:datafield ind1=" " ind2=" " tag="945"><marc:subfield code="a">L</marc:subfield><marc:subfield code="b">LIVRO</marc:subfield><marc:subfield code="c">01</marc:subfield></marc:datafield></marc:record>