<marc:record><marc:leader>01599aam  2200277 a 45e0</marc:leader><marc:controlfield tag="005">$$a2003012009175</marc:controlfield><marc:controlfield tag="008">011108s2001    bl a     b    000 0dpor  </marc:controlfield><marc:datafield ind1=" " ind2=" " tag="010"><marc:subfield code="a">2001298063</marc:subfield></marc:datafield><marc:datafield ind1=" " ind2=" " tag="020"><marc:subfield code="a">8573262133</marc:subfield></marc:datafield><marc:datafield ind1=" " ind2=" " tag="035"><marc:subfield code="a">(OCoLC)ocm48711071</marc:subfield></marc:datafield><marc:datafield ind1=" " ind2=" " tag="040"><marc:subfield code="a">DLC</marc:subfield><marc:subfield code="c">DLC</marc:subfield><marc:subfield code="d">NOC</marc:subfield><marc:subfield code="d">CLU</marc:subfield></marc:datafield><marc:datafield ind1="0" ind2=" " tag="041"><marc:subfield code="a">por</marc:subfield></marc:datafield><marc:datafield ind1=" " ind2=" " tag="044"><marc:subfield code="a">bl</marc:subfield></marc:datafield><marc:datafield ind1="1" ind2=" " tag="100"><marc:subfield code="a">Caneca, Joaquim do Amor Divino</marc:subfield><marc:subfield code="d">1779-1825</marc:subfield></marc:datafield><marc:datafield ind1="1" ind2="0" tag="245"><marc:subfield code="a">Frei Joaquim do Amor Divino Caneca</marc:subfield><marc:subfield code="c">organiza&#231;&#227;o e introdu&#231;&#227;o, Evaldo Cabral de Mello</marc:subfield></marc:datafield><marc:datafield ind1=" " ind2=" " tag="260"><marc:subfield code="a">S&#227;o Paulo, SP, Brasil</marc:subfield><marc:subfield code="b">Editora 34</marc:subfield><marc:subfield code="c">2001</marc:subfield></marc:datafield><marc:datafield ind1=" " ind2=" " tag="300"><marc:subfield code="a">643 p.</marc:subfield><marc:subfield code="b">il.</marc:subfield><marc:subfield code="c">23 cm</marc:subfield></marc:datafield><marc:datafield ind1=" " ind2="0" tag="440"><marc:subfield code="a">Coleo Formadores do Brasil</marc:subfield></marc:datafield><marc:datafield ind1=" " ind2=" " tag="500"><marc:subfield code="a">Bibliografia</marc:subfield></marc:datafield><marc:datafield ind1="0" ind2=" " tag="505"><marc:subfield code="a">Disserta&#231;&#227;o sobre o que se deve entender por p&#225;tria do cidad&#227;o e deveres deste para com a mesma p&#225;tria -- Serm&#227;o da aclama&#231;&#227;o de d. Pedro I -- Pol&#234;mica com Jos&#233; Fernandes Gama -- Carta de P&#237;tia a Dam&#227;o -- O typhis pernambucano -- Voto sobre o reconhecimento de Francisco Paes Barreto como presidente da prov&#237;ncia de Pernambuco -- Voto sobre a invas&#227;o de Alagoas para fazer guerra &#225;s tropas de Francisco Paes Barreto -- Voto sobre o juramento do projecto de Constitui&#231;&#227;o oferecido por d. Pedro I -- Itiner&#225;rios que fez frei Joaquim do Amor Divino Caneca, saindo de Pernambuco a 16 de setembro de 1824, para a prov&#237;ncia do Cear&#225; Grande -- Processo de frei Joaquim do Amor Divino Cane ca em 1824</marc:subfield></marc:datafield><marc:datafield ind1="1" ind2="0" tag="600"><marc:subfield code="a">Caneca, Joaquim do Amor Divino</marc:subfield><marc:subfield code="d">1779-1825</marc:subfield></marc:datafield><marc:datafield ind1=" " ind2="7" tag="650"><marc:subfield code="a">POL&#205;TICA</marc:subfield><marc:subfield code="z">BRASIL</marc:subfield><marc:subfield code="2">larpcal</marc:subfield></marc:datafield><marc:datafield ind1=" " ind2="7" tag="650"><marc:subfield code="a">NACIONALISMO</marc:subfield><marc:subfield code="2">larpcal</marc:subfield></marc:datafield><marc:datafield ind1=" " ind2="7" tag="650"><marc:subfield code="a">POL&#205;TICA E GOVERNO</marc:subfield><marc:subfield code="z">PERNAMBUCO</marc:subfield><marc:subfield code="2">larpcal</marc:subfield></marc:datafield><marc:datafield ind1="1" ind2=" " tag="700"><marc:subfield code="a">Mello, Evaldo Cabral de</marc:subfield><marc:subfield code="d">1936-</marc:subfield></marc:datafield><marc:datafield ind1=" " ind2=" " tag="945"><marc:subfield code="a">L</marc:subfield><marc:subfield code="b">LIVRO</marc:subfield><marc:subfield code="c">01</marc:subfield></marc:datafield></marc:record>