<marc:record><marc:leader>00818nam   200241Ia 45  </marc:leader><marc:controlfield tag="005">20180321155600.0</marc:controlfield><marc:controlfield tag="008">030324s2002    bl            000 0 por d</marc:controlfield><marc:datafield ind1=" " ind2=" " tag="020"><marc:subfield code="a">8573262613</marc:subfield></marc:datafield><marc:datafield ind1=" " ind2=" " tag="040"><marc:subfield code="a">USP/SIBI</marc:subfield></marc:datafield><marc:datafield ind1="0" ind2=" " tag="041"><marc:subfield code="a">por</marc:subfield></marc:datafield><marc:datafield ind1=" " ind2=" " tag="044"><marc:subfield code="a">bl</marc:subfield></marc:datafield><marc:datafield ind1="1" ind2=" " tag="100"><marc:subfield code="a">Cervantes Saavedra, Miguel de</marc:subfield><marc:subfield code="d">1547-1616</marc:subfield></marc:datafield><marc:datafield ind1="0" ind2="3" tag="242"><marc:subfield code="a">El ingenioso hidalgo Don Quijote de La Mancha</marc:subfield></marc:datafield><marc:datafield ind1="1" ind2="0" tag="245"><marc:subfield code="a">O engenhoso fidalgo D. Quixote de La Mancha</marc:subfield><marc:subfield code="b">primeiro livro</marc:subfield><marc:subfield code="c">Miguel de Cervantes Saavedra ; tradu&#231;&#227;o de S&#233;rgio Molina ; gravuras de Gustave Dor&#233;</marc:subfield></marc:datafield><marc:datafield ind1=" " ind2=" " tag="250"><marc:subfield code="a">2. ed</marc:subfield></marc:datafield><marc:datafield ind1=" " ind2=" " tag="260"><marc:subfield code="a">S&#227;o Paulo</marc:subfield><marc:subfield code="b">Editora 34</marc:subfield><marc:subfield code="c">2002</marc:subfield></marc:datafield><marc:datafield ind1=" " ind2=" " tag="300"><marc:subfield code="a">731 p</marc:subfield><marc:subfield code="c">24 cm</marc:subfield></marc:datafield><marc:datafield ind1=" " ind2=" " tag="546"><marc:subfield code="a">Texto em portugu&#234;s e espanhol</marc:subfield></marc:datafield><marc:datafield ind1=" " ind2="7" tag="650"><marc:subfield code="a">LITERATURA ESPANHOLA</marc:subfield><marc:subfield code="2">larpcal</marc:subfield></marc:datafield><marc:datafield ind1=" " ind2="7" tag="650"><marc:subfield code="a">ROMANCE</marc:subfield><marc:subfield code="2">larpcal</marc:subfield></marc:datafield><marc:datafield ind1="1" ind2=" " tag="700"><marc:subfield code="a">Molina, S&#233;rgio</marc:subfield><marc:subfield code="4">trad</marc:subfield></marc:datafield><marc:datafield ind1="1" ind2=" " tag="700"><marc:subfield code="a">Dor&#233;, Gustave</marc:subfield><marc:subfield code="d">1832-1883</marc:subfield><marc:subfield code="4">il</marc:subfield></marc:datafield><marc:datafield ind1=" " ind2=" " tag="945"><marc:subfield code="a">L</marc:subfield><marc:subfield code="b">LIVRO</marc:subfield><marc:subfield code="c">01</marc:subfield></marc:datafield></marc:record>