<marc:record><marc:leader>01207aam  2200337 a 45e0</marc:leader><marc:controlfield tag="005">$$a2003041613505</marc:controlfield><marc:controlfield tag="008">970424s1996    bl a     b    000 0 por  </marc:controlfield><marc:datafield ind1=" " ind2=" " tag="010"><marc:subfield code="a">97831509</marc:subfield></marc:datafield><marc:datafield ind1=" " ind2=" " tag="020"><marc:subfield code="a">8515014327</marc:subfield></marc:datafield><marc:datafield ind1=" " ind2=" " tag="035"><marc:subfield code="a">(OCoLC)ocm36806958</marc:subfield></marc:datafield><marc:datafield ind1=" " ind2=" " tag="040"><marc:subfield code="a">DLC</marc:subfield><marc:subfield code="c">DLC</marc:subfield></marc:datafield><marc:datafield ind1="0" ind2=" " tag="041"><marc:subfield code="a">por</marc:subfield></marc:datafield><marc:datafield ind1=" " ind2=" " tag="042"><marc:subfield code="a">lcode</marc:subfield></marc:datafield><marc:datafield ind1=" " ind2=" " tag="043"><marc:subfield code="a">s-bl---</marc:subfield></marc:datafield><marc:datafield ind1=" " ind2=" " tag="044"><marc:subfield code="a">bl</marc:subfield></marc:datafield><marc:datafield ind1="0" ind2="0" tag="050"><marc:subfield code="a">HQ1545.G8</marc:subfield><marc:subfield code="b">S26 1996</marc:subfield></marc:datafield><marc:datafield ind1="0" ind2=" " tag="092"><marc:subfield code="a">301.412</marc:subfield></marc:datafield><marc:datafield ind1="1" ind2=" " tag="100"><marc:subfield code="a">Santos, Andrea Paula dos</marc:subfield></marc:datafield><marc:datafield ind1="1" ind2="0" tag="245"><marc:subfield code="a">Ponto de vida</marc:subfield><marc:subfield code="b">cidadania de mulheres faveladas</marc:subfield><marc:subfield code="c">Andrea Paula dos Santos</marc:subfield></marc:datafield><marc:datafield ind1=" " ind2=" " tag="260"><marc:subfield code="a">S&#227;o Paulo, Brasil</marc:subfield><marc:subfield code="b">Edi&#231;&#245;es Loyola</marc:subfield><marc:subfield code="c">c1996</marc:subfield></marc:datafield><marc:datafield ind1=" " ind2=" " tag="300"><marc:subfield code="a">151 p</marc:subfield><marc:subfield code="b">il</marc:subfield><marc:subfield code="c">21 cm</marc:subfield></marc:datafield><marc:datafield ind1=" " ind2=" " tag="504"><marc:subfield code="a">Includes bibliographical references (p. 149-151)</marc:subfield></marc:datafield><marc:datafield ind1=" " ind2="0" tag="650"><marc:subfield code="a">Poor women</marc:subfield><marc:subfield code="z">Brazil</marc:subfield><marc:subfield code="z">Guaruj&#225; (S&#227;o Paulo)</marc:subfield><marc:subfield code="x">Social conditions</marc:subfield></marc:datafield><marc:datafield ind1=" " ind2="0" tag="650"><marc:subfield code="a">Poor women</marc:subfield><marc:subfield code="z">Brazil</marc:subfield><marc:subfield code="z">Guaruj&#225; (S&#227;o Paulo)</marc:subfield><marc:subfield code="x">Interviews</marc:subfield></marc:datafield><marc:datafield ind1=" " ind2="0" tag="650"><marc:subfield code="a">Women, Black</marc:subfield><marc:subfield code="z">Brazil</marc:subfield><marc:subfield code="z">Guaruj&#225; (S&#227;o Paulo)</marc:subfield><marc:subfield code="x">Social conditions</marc:subfield></marc:datafield><marc:datafield ind1=" " ind2="0" tag="650"><marc:subfield code="a">Women, Black</marc:subfield><marc:subfield code="z">Brazil</marc:subfield><marc:subfield code="z">Guaruj&#225; (S&#227;o Paulo)</marc:subfield><marc:subfield code="x">Interviews</marc:subfield></marc:datafield><marc:datafield ind1=" " ind2="7" tag="650"><marc:subfield code="a">MULHERES</marc:subfield><marc:subfield code="x">ASPECTOS SOCIAIS</marc:subfield><marc:subfield code="x">CONDI&#199;&#213;ES SOCIAIS</marc:subfield><marc:subfield code="x">CONDI&#199;&#213;ES SOCIOECON&#212;MICAS</marc:subfield><marc:subfield code="2">larpcal</marc:subfield></marc:datafield><marc:datafield ind1=" " ind2="7" tag="650"><marc:subfield code="a">HIST&#211;RIA ORAL</marc:subfield><marc:subfield code="2">larpcal</marc:subfield></marc:datafield><marc:datafield ind1=" " ind2="7" tag="650"><marc:subfield code="a">FAVELAS</marc:subfield><marc:subfield code="2">larpcal</marc:subfield></marc:datafield><marc:datafield ind1=" " ind2="7" tag="650"><marc:subfield code="a">POBREZA (ASPECTOS SOCIAIS)</marc:subfield><marc:subfield code="2">larpcal</marc:subfield></marc:datafield><marc:datafield ind1=" " ind2=" " tag="945"><marc:subfield code="a">L</marc:subfield><marc:subfield code="b">LIVRO</marc:subfield><marc:subfield code="c">01</marc:subfield></marc:datafield></marc:record>