<marc:record><marc:leader>00652nam   200193Ia 45  </marc:leader><marc:controlfield tag="005">20110814020500.0</marc:controlfield><marc:controlfield tag="008">      s2002    bl            000 0 por d</marc:controlfield><marc:datafield ind1=" " ind2=" " tag="040"><marc:subfield code="a">USP/SIBI</marc:subfield></marc:datafield><marc:datafield ind1="0" ind2=" " tag="041"><marc:subfield code="a">por</marc:subfield></marc:datafield><marc:datafield ind1=" " ind2=" " tag="044"><marc:subfield code="a">bl</marc:subfield></marc:datafield><marc:datafield ind1="2" ind2=" " tag="110"><marc:subfield code="a">Jundia&#237; (Munic&#237;pio)</marc:subfield><marc:subfield code="b">Secretaria Municipal de Planejamento e Meio Ambiente</marc:subfield></marc:datafield><marc:datafield ind1="1" ind2="0" tag="245"><marc:subfield code="a">&#205;ndios e africanos na Jundia&#237; colonial</marc:subfield></marc:datafield><marc:datafield ind1=" " ind2=" " tag="260"><marc:subfield code="a">Jundia&#237;</marc:subfield><marc:subfield code="b">Secretaria Municipal de Planejamento e Meio Ambiente</marc:subfield><marc:subfield code="c">2002</marc:subfield></marc:datafield><marc:datafield ind1=" " ind2=" " tag="300"><marc:subfield code="a">82 p.</marc:subfield><marc:subfield code="b">il</marc:subfield></marc:datafield><marc:datafield ind1="0" ind2=" " tag="490"><marc:subfield code="a">M&#233;morias</marc:subfield><marc:subfield code="v">v. 3</marc:subfield></marc:datafield><marc:datafield ind1=" " ind2="7" tag="650"><marc:subfield code="a">ESCRAVID&#195;O</marc:subfield><marc:subfield code="z">JUNDIAI(SP)</marc:subfield><marc:subfield code="2">larpcal</marc:subfield></marc:datafield><marc:datafield ind1=" " ind2="7" tag="650"><marc:subfield code="a">&#205;NDIOS</marc:subfield><marc:subfield code="z">JUNDIA&#205; (SP)</marc:subfield><marc:subfield code="2">larpcal</marc:subfield></marc:datafield><marc:datafield ind1=" " ind2="7" tag="651"><marc:subfield code="a">JUNDIAI(SP) (HIST&#211;RIA;ARQUEOLOGIA)</marc:subfield><marc:subfield code="2">larpcal</marc:subfield></marc:datafield><marc:datafield ind1=" " ind2=" " tag="945"><marc:subfield code="a">L</marc:subfield><marc:subfield code="b">LIVRO</marc:subfield><marc:subfield code="c">01</marc:subfield></marc:datafield></marc:record>