<marc:record><marc:leader>00983nam  2200301 a 45e0</marc:leader><marc:controlfield tag="005">$$a2003050814131</marc:controlfield><marc:controlfield tag="008">880328s1986    bl       b   f000 0 por  </marc:controlfield><marc:datafield ind1=" " ind2=" " tag="010"><marc:subfield code="a">88124695</marc:subfield></marc:datafield><marc:datafield ind1=" " ind2=" " tag="035"><marc:subfield code="a">(OCoLC)ocm18210901</marc:subfield></marc:datafield><marc:datafield ind1=" " ind2=" " tag="040"><marc:subfield code="a">DLC</marc:subfield><marc:subfield code="c">DLC</marc:subfield></marc:datafield><marc:datafield ind1="0" ind2=" " tag="041"><marc:subfield code="a">por</marc:subfield></marc:datafield><marc:datafield ind1=" " ind2=" " tag="043"><marc:subfield code="a">s-bl---</marc:subfield></marc:datafield><marc:datafield ind1=" " ind2=" " tag="044"><marc:subfield code="a">bl</marc:subfield></marc:datafield><marc:datafield ind1="0" ind2="0" tag="050"><marc:subfield code="a">PQ9697.A72</marc:subfield><marc:subfield code="b">Z64 1986</marc:subfield></marc:datafield><marc:datafield ind1="0" ind2=" " tag="082"><marc:subfield code="a">469.7/98</marc:subfield><marc:subfield code="2">19</marc:subfield></marc:datafield><marc:datafield ind1="0" ind2=" " tag="092"><marc:subfield code="a">869.935</marc:subfield></marc:datafield><marc:datafield ind1="1" ind2=" " tag="100"><marc:subfield code="a">Cabral, Leonor Scliar</marc:subfield><marc:subfield code="d">1929-</marc:subfield></marc:datafield><marc:datafield ind1="1" ind2="3" tag="245"><marc:subfield code="a">As id&#233;ias ling&#252;&#237;sticas de M&#225;rio de Andrade</marc:subfield><marc:subfield code="c">Leonor Scliar Cabral</marc:subfield></marc:datafield><marc:datafield ind1=" " ind2=" " tag="260"><marc:subfield code="a">Florian&#243;polis</marc:subfield><marc:subfield code="b">Editora da UFSC</marc:subfield><marc:subfield code="c">1986</marc:subfield></marc:datafield><marc:datafield ind1=" " ind2=" " tag="300"><marc:subfield code="a">73 p</marc:subfield><marc:subfield code="c">22 cm</marc:subfield></marc:datafield><marc:datafield ind1=" " ind2=" " tag="590"><marc:subfield code="a">No exemplar da BBM, h&#225; uma dedicat&#243;ria de Leonor Scliar Cabral a Jos&#233; Mindlin</marc:subfield></marc:datafield><marc:datafield ind1=" " ind2=" " tag="504"><marc:subfield code="a">Bibliography: p. 71-73</marc:subfield></marc:datafield><marc:datafield ind1="1" ind2="0" tag="600"><marc:subfield code="a">Andrade, M&#225;rio de</marc:subfield><marc:subfield code="d">1893-1945</marc:subfield></marc:datafield><marc:datafield ind1="1" ind2="7" tag="600"><marc:subfield code="a">Andrade, M&#225;rio de</marc:subfield><marc:subfield code="d">1893-1945</marc:subfield><marc:subfield code="2">larpcal</marc:subfield></marc:datafield><marc:datafield ind1=" " ind2="0" tag="650"><marc:subfield code="a">Portuguese language</marc:subfield><marc:subfield code="x">Dialects</marc:subfield><marc:subfield code="z">Brazil</marc:subfield></marc:datafield><marc:datafield ind1=" " ind2="0" tag="650"><marc:subfield code="a">Portuguese language</marc:subfield><marc:subfield code="z">Brazil</marc:subfield><marc:subfield code="x">Standardization</marc:subfield></marc:datafield><marc:datafield ind1=" " ind2="7" tag="650"><marc:subfield code="a">L&#205;NGUA PORTUGUESA</marc:subfield><marc:subfield code="2">larpcal</marc:subfield></marc:datafield><marc:datafield ind1=" " ind2=" " tag="945"><marc:subfield code="a">L</marc:subfield><marc:subfield code="b">LIVRO</marc:subfield><marc:subfield code="c">01</marc:subfield></marc:datafield></marc:record>