<marc:record><marc:leader>02027cam  2200469Ia 45e0</marc:leader><marc:controlfield tag="005">$$a2003060311003</marc:controlfield><marc:controlfield tag="008">020530s2001    bl            000 0 por d</marc:controlfield><marc:datafield ind1=" " ind2=" " tag="020"><marc:subfield code="a">8573211547</marc:subfield></marc:datafield><marc:datafield ind1=" " ind2=" " tag="035"><marc:subfield code="a">(OCoLC)ocm49890344</marc:subfield></marc:datafield><marc:datafield ind1=" " ind2=" " tag="040"><marc:subfield code="a">TJC</marc:subfield><marc:subfield code="c">TJC</marc:subfield><marc:subfield code="d">PL#</marc:subfield><marc:subfield code="d">OCLCQ</marc:subfield></marc:datafield><marc:datafield ind1="0" ind2=" " tag="041"><marc:subfield code="a">por</marc:subfield></marc:datafield><marc:datafield ind1=" " ind2=" " tag="044"><marc:subfield code="a">bl</marc:subfield></marc:datafield><marc:datafield ind1="0" ind2=" " tag="092"><marc:subfield code="a">869.924</marc:subfield></marc:datafield><marc:datafield ind1="0" ind2=" " tag="100"><marc:subfield code="a">Qorpo-Santo</marc:subfield><marc:subfield code="d">1829-1883</marc:subfield></marc:datafield><marc:datafield ind1="1" ind2="0" tag="240"><marc:subfield code="a">Plays</marc:subfield></marc:datafield><marc:datafield ind1="1" ind2="0" tag="245"><marc:subfield code="a">Teatro completo</marc:subfield><marc:subfield code="b">Qorpo-Santo</marc:subfield><marc:subfield code="c">apresenta&#231;&#227;o Eudinyr Fraga</marc:subfield></marc:datafield><marc:datafield ind1=" " ind2=" " tag="260"><marc:subfield code="a">S&#227;o Paulo</marc:subfield><marc:subfield code="b">Iluminuras</marc:subfield><marc:subfield code="c">2001</marc:subfield></marc:datafield><marc:datafield ind1=" " ind2=" " tag="300"><marc:subfield code="a">333 p</marc:subfield><marc:subfield code="c">21 cm</marc:subfield></marc:datafield><marc:datafield ind1="0" ind2=" " tag="490"><marc:subfield code="a">Vera Cruz</marc:subfield></marc:datafield><marc:datafield ind1="8" ind2=" " tag="505"><marc:subfield code="a">O h&#243;spede atrevido, ou, O brilhantes escondido -- A impossibilidade da santifica&#231;&#227;o, ou, A santifica&#231;&#227;o transformada -- O marinheiro escritor -- Dois irm&#227;os -- Duas p&#225;ginas em branco -- Mateus e Mateusa -- As rela&#231;&#245;es naturais -- Hoje sou um, e amanh&#227; outro -- Eu sou vida, eu n&#227;o sou morte -- A separa&#231;&#227;o de dois esposos -- O marido extremoso, ou, O pai cuidadoso -- Um credor da Fazenda Nacional -- Um assovio -- Certa entidade em busca de outra -- Lanterna de fogo -- Um parto -- Uma pitada de rap&#233;</marc:subfield></marc:datafield><marc:datafield ind1=" " ind2="7" tag="650"><marc:subfield code="a">LITERATURA BRASILEIRA</marc:subfield><marc:subfield code="2">larpcal</marc:subfield></marc:datafield><marc:datafield ind1=" " ind2="7" tag="650"><marc:subfield code="a">TEATRO</marc:subfield><marc:subfield code="x">HIST&#211;RIA E CR&#205;TICA</marc:subfield><marc:subfield code="y">S&#201;CULO 19</marc:subfield><marc:subfield code="z">BRASIL</marc:subfield><marc:subfield code="2">larpcal</marc:subfield></marc:datafield><marc:datafield ind1=" " ind2="7" tag="655"><marc:subfield code="a">PE&#199;A DE TEATRO</marc:subfield><marc:subfield code="y">S&#201;CULO 19</marc:subfield><marc:subfield code="z">BRASIL</marc:subfield><marc:subfield code="2">larpcal</marc:subfield></marc:datafield><marc:datafield ind1="1" ind2=" " tag="700"><marc:subfield code="a">Fraga, Eudinyr</marc:subfield><marc:subfield code="4">apres</marc:subfield></marc:datafield><marc:datafield ind1="2" ind2="2" tag="740"><marc:subfield code="a">O h&#243;spede atrevido, ou, O brilhantes escondido</marc:subfield></marc:datafield><marc:datafield ind1="2" ind2="2" tag="740"><marc:subfield code="a">A impossibilidade da santifica&#231;&#227;o, ou, A santifica&#231;&#227;o transformada</marc:subfield></marc:datafield><marc:datafield ind1="2" ind2="2" tag="740"><marc:subfield code="a">O marinheiro escritor</marc:subfield></marc:datafield><marc:datafield ind1="0" ind2="2" tag="740"><marc:subfield code="a">Dois irm&#227;os</marc:subfield></marc:datafield><marc:datafield ind1="0" ind2="2" tag="740"><marc:subfield code="a">Duas p&#225;ginas em branco</marc:subfield></marc:datafield><marc:datafield ind1="0" ind2="2" tag="740"><marc:subfield code="a">Mateus e Mateusa</marc:subfield></marc:datafield><marc:datafield ind1="3" ind2="2" tag="740"><marc:subfield code="a">As rela&#231;&#245;es naturais</marc:subfield></marc:datafield><marc:datafield ind1="0" ind2="2" tag="740"><marc:subfield code="a">Hoje sou um, e amanh&#227; outro</marc:subfield></marc:datafield><marc:datafield ind1="0" ind2="2" tag="740"><marc:subfield code="a">Eu sou vida, eu n&#227;o sou morte</marc:subfield></marc:datafield><marc:datafield ind1="2" ind2="2" tag="740"><marc:subfield code="a">A separa&#231;&#227;o de dois esposos</marc:subfield></marc:datafield><marc:datafield ind1="2" ind2="2" tag="740"><marc:subfield code="a">O marido extremoso, ou, O pai cuidadoso</marc:subfield></marc:datafield><marc:datafield ind1="3" ind2="2" tag="740"><marc:subfield code="a">Um credor da Fazenda Nacional</marc:subfield></marc:datafield><marc:datafield ind1="3" ind2="2" tag="740"><marc:subfield code="a">Um assovio</marc:subfield></marc:datafield><marc:datafield ind1="0" ind2="2" tag="740"><marc:subfield code="a">Certa entidade em busca de outra</marc:subfield></marc:datafield><marc:datafield ind1="0" ind2="2" tag="740"><marc:subfield code="a">Lanterna de fogo</marc:subfield></marc:datafield><marc:datafield ind1="3" ind2="2" tag="740"><marc:subfield code="a">Um parto</marc:subfield></marc:datafield><marc:datafield ind1="4" ind2="2" tag="740"><marc:subfield code="a">Uma pitada de rap&#233;</marc:subfield></marc:datafield><marc:datafield ind1=" " ind2=" " tag="945"><marc:subfield code="a">L</marc:subfield><marc:subfield code="b">LIVRO</marc:subfield><marc:subfield code="c">01</marc:subfield></marc:datafield></marc:record>