<marc:record><marc:leader>01841nam  22004214a 45e0</marc:leader><marc:controlfield tag="005">$$a2003061216084</marc:controlfield><marc:controlfield tag="008">020911s2001    bl a     b    001 0 por d</marc:controlfield><marc:datafield ind1=" " ind2=" " tag="020"><marc:subfield code="a">8575110136</marc:subfield></marc:datafield><marc:datafield ind1=" " ind2=" " tag="035"><marc:subfield code="a">(OCoLC)ocm50586606</marc:subfield></marc:datafield><marc:datafield ind1=" " ind2=" " tag="040"><marc:subfield code="a">NDD</marc:subfield><marc:subfield code="c">NDD</marc:subfield></marc:datafield><marc:datafield ind1="0" ind2=" " tag="041"><marc:subfield code="a">por</marc:subfield></marc:datafield><marc:datafield ind1=" " ind2=" " tag="044"><marc:subfield code="a">bl</marc:subfield></marc:datafield><marc:datafield ind1="0" ind2="4" tag="082"><marc:subfield code="a">303.482</marc:subfield></marc:datafield><marc:datafield ind1=" " ind2=" " tag="090"><marc:subfield code="a">DS135.A9</marc:subfield><marc:subfield code="b">S65168 2001</marc:subfield></marc:datafield><marc:datafield ind1="0" ind2=" " tag="092"><marc:subfield code="a">303.482</marc:subfield></marc:datafield><marc:datafield ind1="1" ind2=" " tag="100"><marc:subfield code="a">Spitzer, Leo</marc:subfield><marc:subfield code="d">1939-</marc:subfield></marc:datafield><marc:datafield ind1="1" ind2="0" tag="242"><marc:subfield code="a">Lives in between</marc:subfield><marc:subfield code="b">assimilation and marginality in Austria, Brazil, West Africa, 1780-1945</marc:subfield></marc:datafield><marc:datafield ind1="1" ind2="0" tag="245"><marc:subfield code="a">Vidas de entremeio</marc:subfield><marc:subfield code="b">assimila&#231;&#227;o e marginaliza&#231;&#227;o na &#193;ustria, no Brasil e na &#193;frica Ocidental, 1780-1945</marc:subfield><marc:subfield code="c">Leo Spitzer; tradu&#231;&#227;o Vera Ribeiro</marc:subfield></marc:datafield><marc:datafield ind1=" " ind2=" " tag="260"><marc:subfield code="a">Rio de Janeiro</marc:subfield><marc:subfield code="b">EdUERJ</marc:subfield><marc:subfield code="c">2001</marc:subfield></marc:datafield><marc:datafield ind1=" " ind2=" " tag="300"><marc:subfield code="a">289 p</marc:subfield><marc:subfield code="b">ill</marc:subfield><marc:subfield code="c">23 cm</marc:subfield></marc:datafield><marc:datafield ind1=" " ind2=" " tag="500"><marc:subfield code="a">T&#237;tulo original: Lives in between: assimilation and marginality in Austria, Brazil, West Africa, 1780-1945</marc:subfield></marc:datafield><marc:datafield ind1=" " ind2=" " tag="504"><marc:subfield code="a">Includes bibliographical references and index</marc:subfield></marc:datafield><marc:datafield ind1="1" ind2="0" tag="600"><marc:subfield code="a">Zweig, Stefan</marc:subfield><marc:subfield code="d">1881-1942</marc:subfield></marc:datafield><marc:datafield ind1="1" ind2="0" tag="600"><marc:subfield code="a">May, Joseph</marc:subfield><marc:subfield code="d">ca. 1817-1890</marc:subfield></marc:datafield><marc:datafield ind1="1" ind2="0" tag="600"><marc:subfield code="a">May, Cornelius</marc:subfield><marc:subfield code="d">D1939</marc:subfield></marc:datafield><marc:datafield ind1="1" ind2="0" tag="600"><marc:subfield code="a">Rebou&#231;as, Andr&#233; Pinto</marc:subfield><marc:subfield code="d">1838-1898</marc:subfield></marc:datafield><marc:datafield ind1=" " ind2="0" tag="650"><marc:subfield code="a">Jews</marc:subfield><marc:subfield code="x">Cultural assimilation</marc:subfield><marc:subfield code="z">Austria</marc:subfield></marc:datafield><marc:datafield ind1=" " ind2="0" tag="650"><marc:subfield code="a">Blacks</marc:subfield><marc:subfield code="x">Cultural assimilation</marc:subfield><marc:subfield code="z">Africa, West</marc:subfield></marc:datafield><marc:datafield ind1=" " ind2="0" tag="650"><marc:subfield code="a">Blacks</marc:subfield><marc:subfield code="x">Cultural assimilation</marc:subfield><marc:subfield code="z">Brazil</marc:subfield></marc:datafield><marc:datafield ind1=" " ind2="0" tag="650"><marc:subfield code="a">Marginality, Social</marc:subfield></marc:datafield><marc:datafield ind1=" " ind2="7" tag="650"><marc:subfield code="a">MARGINALIDADE SOCIAL</marc:subfield><marc:subfield code="y">1780-1945</marc:subfield><marc:subfield code="z">BRASIL;&#193;FRICA;&#193;USTRIA</marc:subfield><marc:subfield code="2">larpcal</marc:subfield></marc:datafield><marc:datafield ind1=" " ind2="7" tag="650"><marc:subfield code="a">RACISMO</marc:subfield><marc:subfield code="y">1780-1945</marc:subfield><marc:subfield code="z">BRASIL;&#193;FRICA;&#193;USTRIA</marc:subfield><marc:subfield code="2">larpcal</marc:subfield></marc:datafield><marc:datafield ind1=" " ind2="7" tag="650"><marc:subfield code="a">PRECONCEITO</marc:subfield><marc:subfield code="y">1780-1945</marc:subfield><marc:subfield code="z">BRASIL;&#193;FRICA;&#193;USTRIA</marc:subfield><marc:subfield code="2">larpcal</marc:subfield></marc:datafield><marc:datafield ind1=" " ind2="7" tag="650"><marc:subfield code="a">RELA&#199;&#213;ES &#201;TNICAS E RACIAIS (ASSIMILA&#199;&#195;O;CULTURA;SOCIOLOGIA;HIST&#211;RIA)</marc:subfield><marc:subfield code="z">BRASIL;&#193;FRICA;&#193;USTRIA</marc:subfield><marc:subfield code="2">larpcal</marc:subfield></marc:datafield><marc:datafield ind1=" " ind2="7" tag="650"><marc:subfield code="a">NEGROS (HIST&#211;RIA;SOCIOLOGIA)</marc:subfield><marc:subfield code="z">BRASIL;&#193;FRICA;&#193;USTRIA</marc:subfield><marc:subfield code="2">larpcal</marc:subfield></marc:datafield><marc:datafield ind1=" " ind2="7" tag="650"><marc:subfield code="a">JUDEUS (SOCIOLOGIA;HIST&#211;RIA)</marc:subfield><marc:subfield code="z">BRASIL;&#193;FRICA;&#193;USTRIA</marc:subfield><marc:subfield code="2">larpcal</marc:subfield></marc:datafield><marc:datafield ind1="1" ind2=" " tag="700"><marc:subfield code="a">Ribeiro, Vera</marc:subfield><marc:subfield code="4">trad</marc:subfield></marc:datafield><marc:datafield ind1=" " ind2=" " tag="945"><marc:subfield code="a">L</marc:subfield><marc:subfield code="b">LIVRO</marc:subfield><marc:subfield code="c">01</marc:subfield></marc:datafield></marc:record>