<marc:record><marc:leader>00847nam   200241Ia 45  </marc:leader><marc:controlfield tag="005">20140722145800.0</marc:controlfield><marc:controlfield tag="008">030923s2002    bl            000 0 por d</marc:controlfield><marc:datafield ind1=" " ind2=" " tag="020"><marc:subfield code="a">8575590138</marc:subfield></marc:datafield><marc:datafield ind1=" " ind2=" " tag="040"><marc:subfield code="a">USP/SIBI</marc:subfield></marc:datafield><marc:datafield ind1="0" ind2=" " tag="041"><marc:subfield code="a">por</marc:subfield></marc:datafield><marc:datafield ind1=" " ind2=" " tag="044"><marc:subfield code="a">bl</marc:subfield></marc:datafield><marc:datafield ind1="1" ind2=" " tag="100"><marc:subfield code="a">Vasconcelos, Sandra Guardini Teixeira</marc:subfield></marc:datafield><marc:datafield ind1="1" ind2="0" tag="245"><marc:subfield code="a">Dez li&#231;&#245;es sobre o romance ingl&#234;s do s&#233;culo XVIII</marc:subfield><marc:subfield code="c">Sandra Guardini Vasconcelos</marc:subfield></marc:datafield><marc:datafield ind1=" " ind2=" " tag="260"><marc:subfield code="b">Boitempo Editorial</marc:subfield><marc:subfield code="a">S&#227;o Paulo</marc:subfield><marc:subfield code="c">2002</marc:subfield></marc:datafield><marc:datafield ind1=" " ind2=" " tag="300"><marc:subfield code="a">165 p</marc:subfield><marc:subfield code="c">21 cm</marc:subfield></marc:datafield><marc:datafield ind1=" " ind2=" " tag="500"><marc:subfield code="a">Capa: Antonio Kehl sobre \'Why and what (Yellow)\', &#243;leo de Sean Seully, 1988.</marc:subfield></marc:datafield><marc:datafield ind1=" " ind2=" " tag="504"><marc:subfield code="a">Inclui bibliografia</marc:subfield></marc:datafield><marc:datafield ind1=" " ind2=" " tag="590"><marc:subfield code="a">Exemplar do IEB com dedicat&#243;ria.</marc:subfield></marc:datafield><marc:datafield ind1=" " ind2="7" tag="650"><marc:subfield code="a">ROMANCE (HIST&#211;RIA E CR&#205;TICA)</marc:subfield><marc:subfield code="y">S&#201;CULO 18</marc:subfield><marc:subfield code="z">INGLATERRA</marc:subfield><marc:subfield code="2">larpcal</marc:subfield></marc:datafield><marc:datafield ind1="1" ind2=" " tag="700"><marc:subfield code="a">Jinkings, Ivana</marc:subfield><marc:subfield code="4">ed</marc:subfield></marc:datafield><marc:datafield ind1="1" ind2=" " tag="700"><marc:subfield code="a">Leme, M&#225;rcia N&#243;boa</marc:subfield><marc:subfield code="4">rev</marc:subfield></marc:datafield><marc:datafield ind1="1" ind2=" " tag="700"><marc:subfield code="a">Leal, Mauricio Balthazar</marc:subfield><marc:subfield code="4">rev</marc:subfield></marc:datafield><marc:datafield ind1=" " ind2=" " tag="945"><marc:subfield code="a">L</marc:subfield><marc:subfield code="b">LIVRO</marc:subfield><marc:subfield code="c">01</marc:subfield></marc:datafield></marc:record>