<marc:record><marc:leader>00752nam  22002294a 45e0</marc:leader><marc:controlfield tag="005">$$a2003091917495</marc:controlfield><marc:controlfield tag="008">030716s2002    bl a     bb   000 0 por c</marc:controlfield><marc:datafield ind1=" " ind2=" " tag="020"><marc:subfield code="a">857139444X</marc:subfield></marc:datafield><marc:datafield ind1=" " ind2=" " tag="035"><marc:subfield code="a">(OCoLC)ocm52897447</marc:subfield></marc:datafield><marc:datafield ind1=" " ind2=" " tag="040"><marc:subfield code="a">COO</marc:subfield><marc:subfield code="c">COO</marc:subfield></marc:datafield><marc:datafield ind1="0" ind2=" " tag="041"><marc:subfield code="a">por</marc:subfield></marc:datafield><marc:datafield ind1=" " ind2=" " tag="042"><marc:subfield code="a">pcc</marc:subfield></marc:datafield><marc:datafield ind1=" " ind2=" " tag="044"><marc:subfield code="a">bl</marc:subfield></marc:datafield><marc:datafield ind1=" " ind2="4" tag="050"><marc:subfield code="a">F2513</marc:subfield><marc:subfield code="b">.B37 2002</marc:subfield></marc:datafield><marc:datafield ind1="1" ind2=" " tag="100"><marc:subfield code="a">Barreiro, Jos&#233; Carlos</marc:subfield><marc:subfield code="d">1949-</marc:subfield></marc:datafield><marc:datafield ind1="0" ind2="0" tag="245"><marc:subfield code="a">Imagin&#225;rio e viajantes no Brasil do s&#233;culo XIX</marc:subfield><marc:subfield code="b">cultura e cotidiano, tradi&#231;&#227;o e resist&#234;ncia</marc:subfield><marc:subfield code="c">Jos&#233; Carlos Barreiro</marc:subfield></marc:datafield><marc:datafield ind1=" " ind2=" " tag="260"><marc:subfield code="a">S&#227;o Paulo</marc:subfield><marc:subfield code="b">Editora UNESP</marc:subfield><marc:subfield code="c">2002</marc:subfield></marc:datafield><marc:datafield ind1=" " ind2=" " tag="300"><marc:subfield code="a">243 p.</marc:subfield><marc:subfield code="b">ill.</marc:subfield><marc:subfield code="c">21 cm</marc:subfield></marc:datafield><marc:datafield ind1=" " ind2="7" tag="650"><marc:subfield code="a">HIST&#211;RIA DO BRASIL</marc:subfield><marc:subfield code="y">S&#201;CULO 19</marc:subfield><marc:subfield code="2">larpcal</marc:subfield></marc:datafield><marc:datafield ind1=" " ind2="7" tag="650"><marc:subfield code="a">VIAGENS E EXPLORA&#199;&#213;ES</marc:subfield><marc:subfield code="y">S&#201;CULO 19</marc:subfield><marc:subfield code="z">BRASIL</marc:subfield><marc:subfield code="2">larpcal</marc:subfield></marc:datafield><marc:datafield ind1=" " ind2="7" tag="650"><marc:subfield code="a">CULTURA BRASILEIRA</marc:subfield><marc:subfield code="2">larpcal</marc:subfield></marc:datafield><marc:datafield ind1=" " ind2=" " tag="945"><marc:subfield code="a">L</marc:subfield><marc:subfield code="b">LIVRO</marc:subfield><marc:subfield code="c">01</marc:subfield></marc:datafield></marc:record>