<marc:record><marc:leader>01096aam  2200325 a 45 0</marc:leader><marc:controlfield tag="005">$$a2004011213054</marc:controlfield><marc:controlfield tag="008">021010s2002    bl a     b   s000 0 por  </marc:controlfield><marc:datafield ind1=" " ind2=" " tag="010"><marc:subfield code="a">2002370358</marc:subfield></marc:datafield><marc:datafield ind1=" " ind2=" " tag="020"><marc:subfield code="a">8526804308</marc:subfield></marc:datafield><marc:datafield ind1=" " ind2=" " tag="035"><marc:subfield code="a">(OCoLC)ocm50472290</marc:subfield></marc:datafield><marc:datafield ind1=" " ind2=" " tag="040"><marc:subfield code="a">DLC</marc:subfield><marc:subfield code="c">DLC</marc:subfield><marc:subfield code="d">OSU</marc:subfield></marc:datafield><marc:datafield ind1="0" ind2=" " tag="041"><marc:subfield code="a">por</marc:subfield></marc:datafield><marc:datafield ind1=" " ind2=" " tag="042"><marc:subfield code="a">lcode</marc:subfield></marc:datafield><marc:datafield ind1=" " ind2=" " tag="044"><marc:subfield code="a">bl</marc:subfield></marc:datafield><marc:datafield ind1="0" ind2="0" tag="050"><marc:subfield code="a">PQ9697.A965</marc:subfield><marc:subfield code="b">A17 2002</marc:subfield></marc:datafield><marc:datafield ind1="0" ind2=" " tag="092"><marc:subfield code="a">869.9134</marc:subfield></marc:datafield><marc:datafield ind1="1" ind2=" " tag="100"><marc:subfield code="a">Azevedo, &#193;lvares de</marc:subfield><marc:subfield code="d">1831-1852</marc:subfield></marc:datafield><marc:datafield ind1="1" ind2="0" tag="240"><marc:subfield code="a">Poems</marc:subfield></marc:datafield><marc:datafield ind1="1" ind2="0" tag="245"><marc:subfield code="a">Poesias completas</marc:subfield><marc:subfield code="c">&#193;lvares de Azevedo</marc:subfield></marc:datafield><marc:datafield ind1=" " ind2=" " tag="260"><marc:subfield code="a">Campinas</marc:subfield><marc:subfield code="b">Editora da UNICAMP</marc:subfield><marc:subfield code="c">2002</marc:subfield><marc:subfield code="a">S&#227;o Paulo</marc:subfield><marc:subfield code="b">Imprensa Oficial</marc:subfield></marc:datafield><marc:datafield ind1=" " ind2=" " tag="300"><marc:subfield code="a">584, [12] p.</marc:subfield><marc:subfield code="b">ill.</marc:subfield><marc:subfield code="c">25 cm</marc:subfield></marc:datafield><marc:datafield ind1=" " ind2="0" tag="440"><marc:subfield code="a">Coleo Biblioteca Universitria de Literatura Brasileira</marc:subfield></marc:datafield><marc:datafield ind1=" " ind2=" " tag="490"><marc:subfield code="a">Biblioteca Universit&#225;ria de Literatura Brasileira</marc:subfield></marc:datafield><marc:datafield ind1=" " ind2=" " tag="504"><marc:subfield code="a">Includes bibliographical references by and about the author (p. 547-560)</marc:subfield></marc:datafield><marc:datafield ind1=" " ind2=" " tag="546"><marc:subfield code="a">Portuguese with some English and French</marc:subfield></marc:datafield><marc:datafield ind1=" " ind2="7" tag="650"><marc:subfield code="a">LITERATURA BRASILEIRA</marc:subfield><marc:subfield code="2">larpcal</marc:subfield></marc:datafield><marc:datafield ind1=" " ind2="7" tag="650"><marc:subfield code="a">POESIA</marc:subfield><marc:subfield code="2">larpcal</marc:subfield></marc:datafield><marc:datafield ind1="1" ind2=" " tag="700"><marc:subfield code="a">Ramos, P&#233;ricles Eug&#234;nio da Silva</marc:subfield><marc:subfield code="d">1919-1992</marc:subfield><marc:subfield code="4">ed</marc:subfield></marc:datafield><marc:datafield ind1="1" ind2=" " tag="700"><marc:subfield code="a">Simon, Iumna Maria</marc:subfield><marc:subfield code="4">org</marc:subfield></marc:datafield><marc:datafield ind1=" " ind2=" " tag="945"><marc:subfield code="a">L</marc:subfield><marc:subfield code="b">LIVRO</marc:subfield><marc:subfield code="c">01</marc:subfield></marc:datafield></marc:record>