<marc:record><marc:leader>01465cam  2200349Ia 45 0</marc:leader><marc:controlfield tag="005">$$a2004012812184</marc:controlfield><marc:controlfield tag="008">030416s2002    bl a     b    000 0dpor d</marc:controlfield><marc:datafield ind1=" " ind2=" " tag="020"><marc:subfield code="a">8573262621</marc:subfield></marc:datafield><marc:datafield ind1=" " ind2=" " tag="035"><marc:subfield code="a">(OCoLC)ocm52435138</marc:subfield></marc:datafield><marc:datafield ind1=" " ind2=" " tag="040"><marc:subfield code="a">COO</marc:subfield><marc:subfield code="c">COO</marc:subfield><marc:subfield code="d">IQU</marc:subfield></marc:datafield><marc:datafield ind1="0" ind2=" " tag="041"><marc:subfield code="a">por</marc:subfield></marc:datafield><marc:datafield ind1=" " ind2=" " tag="043"><marc:subfield code="a">s-bl---</marc:subfield></marc:datafield><marc:datafield ind1=" " ind2=" " tag="044"><marc:subfield code="a">bl</marc:subfield></marc:datafield><marc:datafield ind1=" " ind2="4" tag="050"><marc:subfield code="a">KHD2919</marc:subfield><marc:subfield code="b">.S27 2002</marc:subfield></marc:datafield><marc:datafield ind1=" " ind2=" " tag="092"><marc:subfield code="a">981</marc:subfield></marc:datafield><marc:datafield ind1="1" ind2=" " tag="100"><marc:subfield code="a">S&#227;o Vicente, Jos&#233; Ant&#244;nio Pimenta Bueno</marc:subfield><marc:subfield code="d">1803-1878</marc:subfield><marc:subfield code="c">Marqu&#234;s de</marc:subfield></marc:datafield><marc:datafield ind1="1" ind2="0" tag="245"><marc:subfield code="a">Jos&#233; Ant&#244;nio Pimenta Bueno, Marqu&#234;s de S&#227;o Vicente</marc:subfield><marc:subfield code="c">organiza&#231;&#227;o e introdu&#231;&#227;o, Eduardo Kugelmas</marc:subfield></marc:datafield><marc:datafield ind1="3" ind2="0" tag="246"><marc:subfield code="a">Marqu&#234;s de S&#227;o Vicente</marc:subfield></marc:datafield><marc:datafield ind1=" " ind2=" " tag="260"><marc:subfield code="a">S&#227;o Paulo</marc:subfield><marc:subfield code="b">Ed. 34</marc:subfield><marc:subfield code="c">2002</marc:subfield></marc:datafield><marc:datafield ind1=" " ind2=" " tag="300"><marc:subfield code="a">682 p</marc:subfield><marc:subfield code="b">ill</marc:subfield><marc:subfield code="c">23 cm</marc:subfield></marc:datafield><marc:datafield ind1="0" ind2=" " tag="490"><marc:subfield code="a">Formadores do Brasil</marc:subfield></marc:datafield><marc:datafield ind1=" " ind2=" " tag="500"><marc:subfield code="a">Chiefly the author\'s Direito p&#250;blico brasileiro e an&#225;lise da Constitui&#231;&#227;o do Imp&#233;rio (p. [55]-571), first published in 1857, with an appendix of 19th century laws of Brazil (p. [573]-682)</marc:subfield></marc:datafield><marc:datafield ind1=" " ind2=" " tag="500"><marc:subfield code="a">"Bibliografia do marqu&#234;s de S&#227;o Vicente": p. 50-51</marc:subfield></marc:datafield><marc:datafield ind1="1" ind2="7" tag="600"><marc:subfield code="a">Bueno, Jos&#233; Antonio Pimenta</marc:subfield><marc:subfield code="d">1803-1878</marc:subfield><marc:subfield code="2">larpcal</marc:subfield></marc:datafield><marc:datafield ind1="1" ind2="0" tag="600"><marc:subfield code="a">S&#227;o Vicente, Jos&#233; Ant&#244;nio Pimenta Bueno</marc:subfield><marc:subfield code="c">Marqu&#234;s de</marc:subfield><marc:subfield code="d">1803-1878</marc:subfield></marc:datafield><marc:datafield ind1=" " ind2="0" tag="650"><marc:subfield code="a">Constitutional history</marc:subfield><marc:subfield code="z">Brazil</marc:subfield></marc:datafield><marc:datafield ind1=" " ind2="0" tag="650"><marc:subfield code="a">Constitutional law</marc:subfield><marc:subfield code="z">Brazil</marc:subfield></marc:datafield><marc:datafield ind1=" " ind2="7" tag="650"><marc:subfield code="a">POL&#205;TICA (HIST&#211;RIA)</marc:subfield><marc:subfield code="y">S&#201;CULO 19</marc:subfield><marc:subfield code="z">BRASIL</marc:subfield><marc:subfield code="2">larpcal</marc:subfield></marc:datafield><marc:datafield ind1=" " ind2="7" tag="650"><marc:subfield code="a">DIREITO CONSTITUCIONAL</marc:subfield><marc:subfield code="z">BRASIL</marc:subfield><marc:subfield code="2">larpcal</marc:subfield></marc:datafield><marc:datafield ind1="1" ind2=" " tag="700"><marc:subfield code="a">Kugelmas, Eduardo</marc:subfield><marc:subfield code="4">org</marc:subfield></marc:datafield><marc:datafield ind1="0" ind2="2" tag="740"><marc:subfield code="a">Direito p&#250;blico brasileiro e an&#225;lise da Constitui&#231;&#227;o do Imp&#233;rio</marc:subfield></marc:datafield><marc:datafield ind1=" " ind2=" " tag="945"><marc:subfield code="a">L</marc:subfield><marc:subfield code="b">LIVRO</marc:subfield><marc:subfield code="c">01</marc:subfield></marc:datafield></marc:record>