<marc:record><marc:leader>00666nam   200217Ia 45  </marc:leader><marc:controlfield tag="005">20110814022900.0</marc:controlfield><marc:controlfield tag="008">      s2003    bl            000 0 por d</marc:controlfield><marc:datafield ind1=" " ind2=" " tag="020"><marc:subfield code="a">8588371065</marc:subfield></marc:datafield><marc:datafield ind1=" " ind2=" " tag="040"><marc:subfield code="a">USP/SIBI</marc:subfield></marc:datafield><marc:datafield ind1="0" ind2=" " tag="041"><marc:subfield code="a">por</marc:subfield></marc:datafield><marc:datafield ind1=" " ind2=" " tag="044"><marc:subfield code="a">bl</marc:subfield></marc:datafield><marc:datafield ind1="0" ind2=" " tag="092"><marc:subfield code="a">981.611</marc:subfield></marc:datafield><marc:datafield ind1="1" ind2=" " tag="100"><marc:subfield code="a">Penteado, Jacob</marc:subfield></marc:datafield><marc:datafield ind1="1" ind2="0" tag="245"><marc:subfield code="a">Belenzinho, 1910</marc:subfield><marc:subfield code="b">retrato de uma &#233;poca</marc:subfield><marc:subfield code="c">Jacob Penteado</marc:subfield></marc:datafield><marc:datafield ind1=" " ind2=" " tag="250"><marc:subfield code="a">2. ed</marc:subfield></marc:datafield><marc:datafield ind1=" " ind2=" " tag="260"><marc:subfield code="a">S&#227;o Paulo</marc:subfield><marc:subfield code="b">Carrenho Editorial</marc:subfield><marc:subfield code="b">Narrativa Um</marc:subfield><marc:subfield code="c">2003</marc:subfield></marc:datafield><marc:datafield ind1=" " ind2=" " tag="300"><marc:subfield code="a">295 p.</marc:subfield><marc:subfield code="b">il</marc:subfield><marc:subfield code="c">23 cm</marc:subfield></marc:datafield><marc:datafield ind1=" " ind2=" " tag="500"><marc:subfield code="a">Pr&#234;mio Jabuti 1963 - categoria Biografia &amp; Mem&#243;ria.</marc:subfield></marc:datafield><marc:datafield ind1=" " ind2="7" tag="651"><marc:subfield code="a">S&#195;O PAULO (BAIRRO;HIST&#211;RIA)</marc:subfield><marc:subfield code="2">larpcal</marc:subfield><marc:subfield code="2">larpcal</marc:subfield></marc:datafield><marc:datafield ind1=" " ind2="0" tag="651"><marc:subfield code="a">S&#195;O PAULO (VIDA COTIDIANA)</marc:subfield><marc:subfield code="2">larpcal</marc:subfield></marc:datafield><marc:datafield ind1=" " ind2=" " tag="945"><marc:subfield code="a">L</marc:subfield><marc:subfield code="b">LIVRO</marc:subfield><marc:subfield code="c">01</marc:subfield></marc:datafield></marc:record>