<marc:record><marc:leader>02081nam   200385Ia 45  </marc:leader><marc:controlfield tag="005">20171031120100.0</marc:controlfield><marc:controlfield tag="008">040303k20032007bl      r     001 0 por d</marc:controlfield><marc:datafield ind1=" " ind2=" " tag="020"><marc:subfield code="a">8531408040 (v. 1)</marc:subfield></marc:datafield><marc:datafield ind1=" " ind2=" " tag="020"><marc:subfield code="a">9788531408915 (v. 2)</marc:subfield></marc:datafield><marc:datafield ind1=" " ind2=" " tag="020"><marc:subfield code="a">8531408911 (v. 2)</marc:subfield></marc:datafield><marc:datafield ind1=" " ind2=" " tag="020"><marc:subfield code="a">9788531410482 (v. 3)</marc:subfield></marc:datafield><marc:datafield ind1=" " ind2=" " tag="020"><marc:subfield code="a">8531410487 (v. 3)</marc:subfield></marc:datafield><marc:datafield ind1=" " ind2=" " tag="040"><marc:subfield code="a">USP/SIBI</marc:subfield></marc:datafield><marc:datafield ind1="0" ind2=" " tag="041"><marc:subfield code="a">por</marc:subfield></marc:datafield><marc:datafield ind1=" " ind2=" " tag="044"><marc:subfield code="a">bl</marc:subfield></marc:datafield><marc:datafield ind1="0" ind2=" " tag="092"><marc:subfield code="a">338.0981</marc:subfield></marc:datafield><marc:datafield ind1="0" ind2=" " tag="092"><marc:subfield code="a">338.04092</marc:subfield></marc:datafield><marc:datafield ind1="1" ind2=" " tag="100"><marc:subfield code="a">Marcovitch, Jacques</marc:subfield><marc:subfield code="d">1947-</marc:subfield></marc:datafield><marc:datafield ind1="1" ind2="0" tag="245"><marc:subfield code="a">Pioneiros e empreendedores</marc:subfield><marc:subfield code="b">a saga do desenvolvimento no Brasil</marc:subfield><marc:subfield code="c">Jacques Marcovitch</marc:subfield></marc:datafield><marc:datafield ind1="3" ind2="4" tag="246"><marc:subfield code="a">Pioneiros &amp; empreendedores</marc:subfield></marc:datafield><marc:datafield ind1="3" ind2="0" tag="246"><marc:subfield code="a">Saga do desenvolvimento no Brasil</marc:subfield></marc:datafield><marc:datafield ind1=" " ind2=" " tag="260"><marc:subfield code="a">S&#227;o Paulo</marc:subfield><marc:subfield code="b">Edusp</marc:subfield><marc:subfield code="c">2003-2007</marc:subfield></marc:datafield><marc:datafield ind1=" " ind2=" " tag="300"><marc:subfield code="a">3 v.</marc:subfield><marc:subfield code="c">23 cm.</marc:subfield></marc:datafield><marc:datafield ind1=" " ind2=" " tag="500"><marc:subfield code="a">Os volumes 2 e 3 publicados pela Edusp e co-edi&#231;&#227;o da Editora Saraiva</marc:subfield></marc:datafield><marc:datafield ind1=" " ind2=" " tag="504"><marc:subfield code="a">Inclui bibliografia e &#237;ndice.</marc:subfield></marc:datafield><marc:datafield ind1="0" ind2=" " tag="505"><marc:subfield code="a">v.1. Li&#231;&#245;es de empreendedorismo -- Os Prado -- Nami Jafet -- Francisco Matarazzo -- Ramos de Azevedo -- Jorge Street -- Roberto Simonsen -- Julio Mesquita -- Leon Feffer -- Rupturas e empreendedorismo -- Notas -- Agradecimentos -- &#205;ndice onom&#225;stico</marc:subfield></marc:datafield><marc:datafield ind1="0" ind2=" " tag="505"><marc:subfield code="a">v.2. A hist&#243;ria do trabalho -- Ma&#250;a -- Luiz de Queiroz -- Attilio Fontana -- Valentim dos Santos Diniz -- Guilherme Guinle -- Lafer-Habin -- Jos&#233; Erm&#237;rio de Moraes -- Gerdau-Johannpeter -- Uma li&#231;&#227;o para o futuro -- Notas - Agradecimentos -- &#205;ndice onom&#225;stico</marc:subfield></marc:datafield><marc:datafield ind1="0" ind2=" " tag="505"><marc:subfield code="a">v.3. Regresso ao tempo dos pioneiros -- Os Lundgren -- Luiz Tarqu&#237;nio -- Bernardo Mascarenhas -- Delmiro Gouveia -- Roberto Marinho -- Augusto Trajano de Azevedo Antunes -- Samuel Benchimol -- Edson Queiroz -- Os pioneiros em seu labirinto -- Notas -- Agradecimentos -- &#205;ndice onom&#225;stico</marc:subfield></marc:datafield><marc:datafield ind1=" " ind2="7" tag="650"><marc:subfield code="a">DESENVOLVIMENTO ECON&#212;MICO</marc:subfield><marc:subfield code="z">BRASIL</marc:subfield><marc:subfield code="2">larpcal</marc:subfield></marc:datafield><marc:datafield ind1=" " ind2="7" tag="650"><marc:subfield code="a">EMPREENDEDORISMO</marc:subfield><marc:subfield code="z">BRASIL</marc:subfield><marc:subfield code="2">larpcal</marc:subfield></marc:datafield><marc:datafield ind1=" " ind2="7" tag="650"><marc:subfield code="a">EMPREENDEDOR</marc:subfield><marc:subfield code="x">HIST&#211;RIA</marc:subfield><marc:subfield code="z">BRASIL</marc:subfield><marc:subfield code="2">larpcal</marc:subfield></marc:datafield><marc:datafield ind1=" " ind2="7" tag="650"><marc:subfield code="a">GLOBALIZA&#199;&#195;O (ASPECTOS ECON&#212;MICOS)</marc:subfield><marc:subfield code="2">larpcal</marc:subfield></marc:datafield><marc:datafield ind1=" " ind2="7" tag="650"><marc:subfield code="a">POL&#205;TICA ECON&#212;MICA INTERNACIONAL</marc:subfield><marc:subfield code="2">larpcal</marc:subfield></marc:datafield><marc:datafield ind1=" " ind2="7" tag="656"><marc:subfield code="a">EMPRES&#193;RIOS (HIST&#211;RIA)</marc:subfield><marc:subfield code="z">BRASIL</marc:subfield><marc:subfield code="2">larpcal</marc:subfield></marc:datafield><marc:datafield ind1=" " ind2=" " tag="945"><marc:subfield code="a">L</marc:subfield><marc:subfield code="b">LIVRO</marc:subfield><marc:subfield code="c">01</marc:subfield></marc:datafield></marc:record>