<marc:record><marc:leader>01181nam   200277Ia 45  </marc:leader><marc:controlfield tag="005">20161107163800.0</marc:controlfield><marc:controlfield tag="008">040305s2003    bl a          000 0 por d</marc:controlfield><marc:datafield ind1=" " ind2=" " tag="020"><marc:subfield code="a">8535904093</marc:subfield></marc:datafield><marc:datafield ind1=" " ind2=" " tag="040"><marc:subfield code="a">USP/SIBI</marc:subfield></marc:datafield><marc:datafield ind1="0" ind2=" " tag="041"><marc:subfield code="a">por</marc:subfield></marc:datafield><marc:datafield ind1=" " ind2=" " tag="044"><marc:subfield code="a">bl</marc:subfield></marc:datafield><marc:datafield ind1="0" ind2=" " tag="092"><marc:subfield code="a">869.9095</marc:subfield></marc:datafield><marc:datafield ind1="1" ind2=" " tag="100"><marc:subfield code="a">Sevcenko, Nicolau</marc:subfield></marc:datafield><marc:datafield ind1="1" ind2="0" tag="245"><marc:subfield code="a">Literatura como miss&#227;o</marc:subfield><marc:subfield code="b">tens&#245;es sociais e cria&#231;&#227;o cultural na Primeira Rep&#250;blica</marc:subfield><marc:subfield code="c">Nicolau Sevcenko</marc:subfield></marc:datafield><marc:datafield ind1=" " ind2=" " tag="250"><marc:subfield code="a">2. ed. rev. e ampl</marc:subfield></marc:datafield><marc:datafield ind1=" " ind2=" " tag="260"><marc:subfield code="a">S&#227;o Paulo</marc:subfield><marc:subfield code="b">Companhia das Letras</marc:subfield><marc:subfield code="c">2003</marc:subfield></marc:datafield><marc:datafield ind1=" " ind2=" " tag="300"><marc:subfield code="a">420 p</marc:subfield><marc:subfield code="b">fots</marc:subfield><marc:subfield code="c">21 cm</marc:subfield></marc:datafield><marc:datafield ind1=" " ind2=" " tag="500"><marc:subfield code="a">Originalmente apresentada como tese (Doutorado - Departamento de Hist&#243;ria da Faculdade de Filosofia Letras e Ci&#234;ncias Humanas da Universidade de S&#227;o Paulo) em 1981</marc:subfield></marc:datafield><marc:datafield ind1=" " ind2=" " tag="500"><marc:subfield code="a">Trata-se de uma nova 2. ed., pela Companhia das Letras, revista e ampliada - acrescida de um caderno de ilustra&#231;&#245;es, de um posf&#225;cio novo e um &#237;ndice remissivo</marc:subfield></marc:datafield><marc:datafield ind1=" " ind2=" " tag="500"><marc:subfield code="a">FE- 1&#170; reimpress&#227;o - 2009</marc:subfield></marc:datafield><marc:datafield ind1=" " ind2=" " tag="504"><marc:subfield code="a">Bibliografia</marc:subfield></marc:datafield><marc:datafield ind1="1" ind2="7" tag="600"><marc:subfield code="a">Cunha, Euclides da</marc:subfield><marc:subfield code="d">1866-1909</marc:subfield></marc:datafield><marc:datafield ind1=" " ind2="7" tag="650"><marc:subfield code="a">LITERATURA BRASILEIRA (HIST&#211;RIA E CR&#205;TICA)</marc:subfield><marc:subfield code="2">larpcal</marc:subfield></marc:datafield><marc:datafield ind1="1" ind2="7" tag="600"><marc:subfield code="a">Barreto, Lima</marc:subfield><marc:subfield code="d">1881-1922</marc:subfield></marc:datafield><marc:datafield ind1=" " ind2="7" tag="650"><marc:subfield code="a">PRIMEIRA REP&#218;BLICA (1889-1930)</marc:subfield><marc:subfield code="2">larpcal</marc:subfield></marc:datafield><marc:datafield ind1=" " ind2=" " tag="945"><marc:subfield code="a">L</marc:subfield><marc:subfield code="b">LIVRO</marc:subfield><marc:subfield code="c">01</marc:subfield></marc:datafield></marc:record>