<marc:record><marc:leader>00960nam   200265Ia 45  </marc:leader><marc:controlfield tag="005">20151118175300.0</marc:controlfield><marc:controlfield tag="008">      s2003    bl            000 0 por d</marc:controlfield><marc:datafield ind1=" " ind2=" " tag="020"><marc:subfield code="a">85-87-480-29-4</marc:subfield></marc:datafield><marc:datafield ind1=" " ind2=" " tag="040"><marc:subfield code="a">USP/SIBI</marc:subfield></marc:datafield><marc:datafield ind1="0" ind2=" " tag="041"><marc:subfield code="a">por</marc:subfield></marc:datafield><marc:datafield ind1=" " ind2=" " tag="044"><marc:subfield code="a">bl</marc:subfield></marc:datafield><marc:datafield ind1="0" ind2=" " tag="092"><marc:subfield code="a">327.81092</marc:subfield></marc:datafield><marc:datafield ind1="1" ind2=" " tag="100"><marc:subfield code="a">Cunha, Vasco Leit&#227;o da</marc:subfield><marc:subfield code="d">1903-1984</marc:subfield></marc:datafield><marc:datafield ind1="1" ind2="0" tag="245"><marc:subfield code="a">Diplomacia em alto-mar</marc:subfield><marc:subfield code="b">depoimento ao CPDOC</marc:subfield><marc:subfield code="c">Vasco Leit&#227;o da Cunha; Asp&#225;sia Camargo, Zairo Cheibub, Luciana N&#243;brega, edi&#231;&#227;o de texto Dora Rocha, pesquisa e notas Alexandra de Mello e Silva, Leticia Pinheiro</marc:subfield></marc:datafield><marc:datafield ind1=" " ind2=" " tag="250"><marc:subfield code="a">2. ed</marc:subfield></marc:datafield><marc:datafield ind1=" " ind2=" " tag="260"><marc:subfield code="a">Rio de Janeiro</marc:subfield><marc:subfield code="b">Editora FGV</marc:subfield><marc:subfield code="b">FUNAG</marc:subfield><marc:subfield code="c">2003</marc:subfield></marc:datafield><marc:datafield ind1=" " ind2=" " tag="300"><marc:subfield code="a">xxx, 327 p.</marc:subfield><marc:subfield code="b">fots.</marc:subfield><marc:subfield code="c">23 cm</marc:subfield></marc:datafield><marc:datafield ind1=" " ind2="7" tag="656"><marc:subfield code="a">DIPLOMATAS</marc:subfield><marc:subfield code="z">BRASIL</marc:subfield><marc:subfield code="2">larpcal</marc:subfield></marc:datafield><marc:datafield ind1="1" ind2=" " tag="700"><marc:subfield code="a">Camargo, Asp&#225;sia</marc:subfield><marc:subfield code="4">entrevista</marc:subfield></marc:datafield><marc:datafield ind1="1" ind2=" " tag="700"><marc:subfield code="a">Cheibub, Zairo</marc:subfield><marc:subfield code="4">entrevista</marc:subfield></marc:datafield><marc:datafield ind1="1" ind2=" " tag="700"><marc:subfield code="a">N&#243;brega, Luciana</marc:subfield><marc:subfield code="4">entrevista</marc:subfield></marc:datafield><marc:datafield ind1="1" ind2=" " tag="700"><marc:subfield code="a">Rocha, Dora</marc:subfield><marc:subfield code="4">ed</marc:subfield></marc:datafield><marc:datafield ind1="1" ind2=" " tag="700"><marc:subfield code="a">Silva, Alexandra de Mello e.</marc:subfield><marc:subfield code="4">pesq</marc:subfield></marc:datafield><marc:datafield ind1="1" ind2=" " tag="700"><marc:subfield code="a">Pinheiro, Leticia</marc:subfield><marc:subfield code="4">pesq</marc:subfield></marc:datafield><marc:datafield ind1=" " ind2=" " tag="945"><marc:subfield code="a">L</marc:subfield><marc:subfield code="b">LIVRO</marc:subfield><marc:subfield code="c">01</marc:subfield></marc:datafield></marc:record>