<marc:record><marc:leader>02108nam   200361Ia 45  </marc:leader><marc:controlfield tag="005">20170118142100.0</marc:controlfield><marc:controlfield tag="008">040325s2003    bl a    r     000 0 por d</marc:controlfield><marc:datafield ind1=" " ind2=" " tag="020"><marc:subfield code="a">8588108119 (v.1)</marc:subfield></marc:datafield><marc:datafield ind1=" " ind2=" " tag="020"><marc:subfield code="a">8588108135 (v.2)</marc:subfield></marc:datafield><marc:datafield ind1=" " ind2=" " tag="020"><marc:subfield code="a">8588108127 (v.3)</marc:subfield></marc:datafield><marc:datafield ind1=" " ind2=" " tag="040"><marc:subfield code="a">USP/SIBI</marc:subfield></marc:datafield><marc:datafield ind1="0" ind2=" " tag="041"><marc:subfield code="a">por</marc:subfield></marc:datafield><marc:datafield ind1=" " ind2=" " tag="044"><marc:subfield code="a">bl</marc:subfield></marc:datafield><marc:datafield ind1="0" ind2=" " tag="092"><marc:subfield code="a">918.1</marc:subfield></marc:datafield><marc:datafield ind1=" " ind2="9" tag="099"><marc:subfield code="a">910.4(81)</marc:subfield></marc:datafield><marc:datafield ind1="1" ind2=" " tag="100"><marc:subfield code="a">Ferreira, Alexandre Rodrigues</marc:subfield><marc:subfield code="d">1756-1815</marc:subfield></marc:datafield><marc:datafield ind1="1" ind2="0" tag="245"><marc:subfield code="a">Viagem ao Brasil</marc:subfield><marc:subfield code="n">II</marc:subfield><marc:subfield code="b">a expedi&#231;&#227;o philosophica pelas capitanias do Par&#225;, Rio Negro, Mato Grosso e Cuyab&#225;</marc:subfield><marc:subfield code="c">Alexandre Rodrigues Ferreira; [editores e organizadores Cristina Ferr&#227;o e Jos&#233; Paulo Monteiro Soares]</marc:subfield></marc:datafield><marc:datafield ind1="1" ind2="0" tag="246"><marc:subfield code="a">Expedi&#231;&#227;o philosophica pelas capitanias do Par&#225;, Rio Negro, Mato Grosso e Cuyab&#225;</marc:subfield></marc:datafield><marc:datafield ind1=" " ind2=" " tag="260"><marc:subfield code="a">[Petr&#243;polis, RJ]</marc:subfield><marc:subfield code="b">Kapa Editorial</marc:subfield><marc:subfield code="c">2003</marc:subfield></marc:datafield><marc:datafield ind1=" " ind2=" " tag="300"><marc:subfield code="a">3 v</marc:subfield><marc:subfield code="b">il</marc:subfield><marc:subfield code="c">30 cm</marc:subfield></marc:datafield><marc:datafield ind1=" " ind2=" " tag="504"><marc:subfield code="a">Refer&#234;ncias</marc:subfield></marc:datafield><marc:datafield ind1="0" ind2=" " tag="505"><marc:subfield code="a">v.1. Cole&#231;&#227;o da Academia das Ci&#234;ncias de Lisboa; Alexandre Rodrigues Ferreira, D. Vandelli &amp; Geoffroy Saint-Hillaire: aspectos da hist&#243;ria novos dados e interpreta&#231;&#227;o / Miguel Telles Antunes; Herb&#225;rio de peixes do Brasil do s&#233;culo XVIII no Museu da Academia de Ci&#234;ncias de Lisboa: testemunho hist&#243;rico de acontecimentos controversos em 1808 / Miguel Antunes e Ausenda C. Balbino -- v.2. Mus&#233;um National d\'Historia Naturalle, Paris; No encal&#231;o de Alexandre Rodrigues Ferreira / Jaques Cuisin; Identifica&#231;&#227;o dos p&#225;ssaros / R&#233;my Bruckert -- v.3. Documento da Biblioteca Nacional, Rio de Janeiro; Observa&#231;&#245;es gerais e particulares sobre a classe dos manuais / Alexandre Rodrigues Ferreira; Transcri&#231;&#227;o e coment&#225;rios Jos&#233; Pereira da Silva</marc:subfield></marc:datafield><marc:datafield ind1=" " ind2=" " tag="590"><marc:subfield code="a">Para pesquisar este exemplar na Biblioteca FAU P&#243;s-Gradua&#231;&#227;o, agendar consulta</marc:subfield></marc:datafield><marc:datafield ind1=" " ind2="7" tag="650"><marc:subfield code="a">HIST&#211;RIA DO BRASIL</marc:subfield><marc:subfield code="z">BRASIL</marc:subfield><marc:subfield code="2">larpcal</marc:subfield></marc:datafield><marc:datafield ind1=" " ind2="7" tag="650"><marc:subfield code="a">VIAGENS E EXPLORA&#199;&#213;ES</marc:subfield><marc:subfield code="z">BRASIL</marc:subfield><marc:subfield code="2">larpcal</marc:subfield></marc:datafield><marc:datafield ind1="1" ind2=" " tag="700"><marc:subfield code="a">Antunes, Miguel Telles</marc:subfield></marc:datafield><marc:datafield ind1="1" ind2=" " tag="700"><marc:subfield code="a">Balbino, Ausenda C.</marc:subfield></marc:datafield><marc:datafield ind1="1" ind2=" " tag="700"><marc:subfield code="a">Cuisin, Jacques</marc:subfield></marc:datafield><marc:datafield ind1="1" ind2=" " tag="700"><marc:subfield code="a">Bruckert, R&#233;my</marc:subfield></marc:datafield><marc:datafield ind1="1" ind2=" " tag="700"><marc:subfield code="a">Silva, Jos&#233; Pereira da</marc:subfield></marc:datafield><marc:datafield ind1="1" ind2=" " tag="700"><marc:subfield code="a">Ferr&#227;o, Cristina</marc:subfield><marc:subfield code="4">ed</marc:subfield><marc:subfield code="4">org</marc:subfield></marc:datafield><marc:datafield ind1="1" ind2=" " tag="700"><marc:subfield code="a">Soares, Jos&#233; Paulo Monteiro</marc:subfield><marc:subfield code="4">ed</marc:subfield><marc:subfield code="4">org</marc:subfield></marc:datafield><marc:datafield ind1=" " ind2=" " tag="945"><marc:subfield code="a">L</marc:subfield><marc:subfield code="b">LIVRO</marc:subfield><marc:subfield code="c">01</marc:subfield></marc:datafield></marc:record>