<marc:record><marc:leader>01199nam   200313Ia 45  </marc:leader><marc:controlfield tag="005">20140423134800.0</marc:controlfield><marc:controlfield tag="008">040401s2003    bl            000 0 por d</marc:controlfield><marc:datafield ind1=" " ind2=" " tag="020"><marc:subfield code="a">85-271-0606-X</marc:subfield></marc:datafield><marc:datafield ind1=" " ind2=" " tag="040"><marc:subfield code="a">USP/SIBI</marc:subfield></marc:datafield><marc:datafield ind1="0" ind2=" " tag="041"><marc:subfield code="a">por</marc:subfield></marc:datafield><marc:datafield ind1=" " ind2=" " tag="044"><marc:subfield code="a">bl</marc:subfield></marc:datafield><marc:datafield ind1="0" ind2=" " tag="092"><marc:subfield code="a">869.91092</marc:subfield></marc:datafield><marc:datafield ind1="1" ind2=" " tag="100"><marc:subfield code="a">Alcides, S&#233;rgio</marc:subfield><marc:subfield code="d">1967-</marc:subfield></marc:datafield><marc:datafield ind1="1" ind2="0" tag="245"><marc:subfield code="a">Estes penhascos</marc:subfield><marc:subfield code="b">Cl&#225;udio Manuel da Costa e a paisagem das Minas Gerais 1753-1773</marc:subfield><marc:subfield code="c">S&#233;rgio Alcides</marc:subfield></marc:datafield><marc:datafield ind1=" " ind2=" " tag="260"><marc:subfield code="a">S&#227;o Paulo</marc:subfield><marc:subfield code="b">Hucitec</marc:subfield><marc:subfield code="c">2003</marc:subfield></marc:datafield><marc:datafield ind1=" " ind2=" " tag="300"><marc:subfield code="a">301 p</marc:subfield><marc:subfield code="b">il. mapa dobr</marc:subfield><marc:subfield code="c">21 cm</marc:subfield></marc:datafield><marc:datafield ind1="0" ind2=" " tag="490"><marc:subfield code="a">Cole&#231;&#227;o Estudos Hist&#243;ricos</marc:subfield><marc:subfield code="v">49</marc:subfield></marc:datafield><marc:datafield ind1=" " ind2=" " tag="500"><marc:subfield code="a">Originalmente apresentada como tese do autor (Mestrado - Programa de P&#243;s-Gradua&#231;&#227;o em Hist&#243;ria Social da Cultura da PUC - RJ)</marc:subfield></marc:datafield><marc:datafield ind1=" " ind2=" " tag="500"><marc:subfield code="a">Pr&#234;mio Minas de Cultura</marc:subfield></marc:datafield><marc:datafield ind1=" " ind2=" " tag="500"><marc:subfield code="a">Pr&#234;mio Liter&#225;rio Cidade do Recife</marc:subfield></marc:datafield><marc:datafield ind1=" " ind2=" " tag="500"><marc:subfield code="a">Capa Luis Diaz</marc:subfield></marc:datafield><marc:datafield ind1=" " ind2=" " tag="500"><marc:subfield code="a">Anexos</marc:subfield></marc:datafield><marc:datafield ind1=" " ind2=" " tag="500"><marc:subfield code="a">Indice onom&#225;stico</marc:subfield></marc:datafield><marc:datafield ind1=" " ind2=" " tag="504"><marc:subfield code="a">Bibliografia</marc:subfield></marc:datafield><marc:datafield ind1=" " ind2=" " tag="590"><marc:subfield code="a">Na Biblioteca da FFLCH, o e. 2 pertence &#224; Cole&#231;&#227;o Antonio Candido</marc:subfield></marc:datafield><marc:datafield ind1="1" ind2="7" tag="600"><marc:subfield code="a">Costa, Claudio Manoel da</marc:subfield><marc:subfield code="d">1729-1789</marc:subfield></marc:datafield><marc:datafield ind1=" " ind2="7" tag="650"><marc:subfield code="a">POESIA (CR&#205;TICA E INTERPRETA&#199;&#195;O)</marc:subfield><marc:subfield code="y">S&#201;CULO 18</marc:subfield><marc:subfield code="z">BRASIL</marc:subfield><marc:subfield code="2">larpcal</marc:subfield></marc:datafield><marc:datafield ind1=" " ind2="7" tag="650"><marc:subfield code="a">LITERATURA BRASILEIRA (CR&#205;TICA E INTERPRETA&#199;&#195;O)</marc:subfield><marc:subfield code="2">larpcal</marc:subfield></marc:datafield><marc:datafield ind1=" " ind2=" " tag="945"><marc:subfield code="a">L</marc:subfield><marc:subfield code="b">LIVRO</marc:subfield><marc:subfield code="c">01</marc:subfield></marc:datafield></marc:record>