<marc:record><marc:leader>00889cam  2200289Ia 45 0</marc:leader><marc:controlfield tag="005">$$a2004040609493</marc:controlfield><marc:controlfield tag="008">030715s2002    bl a     b    001 0 por d</marc:controlfield><marc:datafield ind1=" " ind2=" " tag="020"><marc:subfield code="a">8527105853</marc:subfield></marc:datafield><marc:datafield ind1=" " ind2=" " tag="035"><marc:subfield code="a">(OCoLC)ocm52615598</marc:subfield></marc:datafield><marc:datafield ind1=" " ind2=" " tag="040"><marc:subfield code="a">HLS</marc:subfield><marc:subfield code="c">HLS</marc:subfield><marc:subfield code="d">OCLCQ</marc:subfield><marc:subfield code="d">IXA</marc:subfield></marc:datafield><marc:datafield ind1="0" ind2=" " tag="041"><marc:subfield code="a">por</marc:subfield></marc:datafield><marc:datafield ind1=" " ind2=" " tag="043"><marc:subfield code="a">s-bl---</marc:subfield></marc:datafield><marc:datafield ind1=" " ind2=" " tag="044"><marc:subfield code="a">bl</marc:subfield></marc:datafield><marc:datafield ind1=" " ind2=" " tag="090"><marc:subfield code="a">PN2471</marc:subfield><marc:subfield code="b">.P46 2002</marc:subfield></marc:datafield><marc:datafield ind1="0" ind2=" " tag="092"><marc:subfield code="a">792.09</marc:subfield></marc:datafield><marc:datafield ind1="1" ind2=" " tag="100"><marc:subfield code="a">Peixoto, Fernando</marc:subfield><marc:subfield code="d">1937-</marc:subfield></marc:datafield><marc:datafield ind1="1" ind2="0" tag="245"><marc:subfield code="a">Teatro em aberto</marc:subfield><marc:subfield code="c">Fernando Peixoto</marc:subfield></marc:datafield><marc:datafield ind1=" " ind2=" " tag="260"><marc:subfield code="a">S&#227;o Paulo</marc:subfield><marc:subfield code="b">Editora Hucitec</marc:subfield><marc:subfield code="c">2002</marc:subfield><marc:subfield code="b">Edi&#231;&#245;es Primeiro Ato</marc:subfield></marc:datafield><marc:datafield ind1=" " ind2=" " tag="300"><marc:subfield code="a">303 p</marc:subfield><marc:subfield code="b">ill</marc:subfield><marc:subfield code="c">21 cm</marc:subfield></marc:datafield><marc:datafield ind1="1" ind2=" " tag="490"><marc:subfield code="a">Teatro</marc:subfield><marc:subfield code="v">45</marc:subfield></marc:datafield><marc:datafield ind1=" " ind2=" " tag="504"><marc:subfield code="a">Includes bibliographical references and index</marc:subfield></marc:datafield><marc:datafield ind1=" " ind2="0" tag="650"><marc:subfield code="a">Theater</marc:subfield><marc:subfield code="z">Brazil</marc:subfield></marc:datafield><marc:datafield ind1=" " ind2="0" tag="650"><marc:subfield code="a">Theater</marc:subfield><marc:subfield code="x">Political aspects</marc:subfield></marc:datafield><marc:datafield ind1=" " ind2="7" tag="650"><marc:subfield code="a">TEATRO (HIST&#211;RIA E CR&#205;TICA)</marc:subfield><marc:subfield code="2">larpcal</marc:subfield></marc:datafield><marc:datafield ind1=" " ind2="7" tag="650"><marc:subfield code="a">TEATRO (HIST&#211;RIA E CR&#205;TICA)</marc:subfield><marc:subfield code="z">BRASIL</marc:subfield><marc:subfield code="2">larpcal</marc:subfield></marc:datafield><marc:datafield ind1=" " ind2="0" tag="830"><marc:subfield code="a">Coleo Teatro (Editora Hucitec)</marc:subfield><marc:subfield code="v">45</marc:subfield></marc:datafield><marc:datafield ind1=" " ind2=" " tag="945"><marc:subfield code="a">L</marc:subfield><marc:subfield code="b">LIVRO</marc:subfield><marc:subfield code="c">01</marc:subfield></marc:datafield></marc:record>