<marc:record><marc:leader>00914nam   200253Ia 45  </marc:leader><marc:controlfield tag="005">20180720121400.0</marc:controlfield><marc:controlfield tag="008">040406s2003    bl a    r     000 0 por d</marc:controlfield><marc:datafield ind1=" " ind2=" " tag="020"><marc:subfield code="a">8574602132</marc:subfield></marc:datafield><marc:datafield ind1=" " ind2=" " tag="020"><marc:subfield code="a">9798574602133</marc:subfield></marc:datafield><marc:datafield ind1=" " ind2=" " tag="040"><marc:subfield code="a">USP/SIBI</marc:subfield></marc:datafield><marc:datafield ind1="0" ind2=" " tag="041"><marc:subfield code="a">por</marc:subfield></marc:datafield><marc:datafield ind1=" " ind2=" " tag="044"><marc:subfield code="a">bl</marc:subfield></marc:datafield><marc:datafield ind1="0" ind2=" " tag="092"><marc:subfield code="a">301.20981</marc:subfield></marc:datafield><marc:datafield ind1="1" ind2=" " tag="100"><marc:subfield code="a">Pompa, Cristina</marc:subfield></marc:datafield><marc:datafield ind1="1" ind2="0" tag="245"><marc:subfield code="a">Religi&#227;o como tradu&#231;&#227;o</marc:subfield><marc:subfield code="b">mission&#225;rios, Tupi e Tapuia no Brasil colonial</marc:subfield><marc:subfield code="c">Cristina Pompa</marc:subfield></marc:datafield><marc:datafield ind1=" " ind2=" " tag="260"><marc:subfield code="a">Bauru</marc:subfield><marc:subfield code="b">EDUSC</marc:subfield><marc:subfield code="a">S&#227;o Paulo</marc:subfield><marc:subfield code="b">ANPOCS</marc:subfield><marc:subfield code="c">2003</marc:subfield></marc:datafield><marc:datafield ind1=" " ind2=" " tag="300"><marc:subfield code="a">443 p.</marc:subfield><marc:subfield code="b">il</marc:subfield></marc:datafield><marc:datafield ind1="0" ind2=" " tag="490"><marc:subfield code="a">Ci&#234;ncias sociais</marc:subfield></marc:datafield><marc:datafield ind1=" " ind2=" " tag="500"><marc:subfield code="a">Pr&#234;mio de melhor tese de doutorado no concurso CNPq-ANPOCS de Obras Cient&#237;ficas e Tese Universit&#225;ria em Ci&#234;ncias Sociais, edi&#231;&#227;o 2002.</marc:subfield></marc:datafield><marc:datafield ind1=" " ind2="7" tag="650"><marc:subfield code="a">RELIGI&#195;O IND&#205;GENA (S&#201;CULO 16;S&#201;CULO 17)</marc:subfield><marc:subfield code="z">BRASIL</marc:subfield><marc:subfield code="2">larpcal</marc:subfield></marc:datafield><marc:datafield ind1=" " ind2="7" tag="650"><marc:subfield code="a">JESU&#205;TAS (HIST&#211;RIA)</marc:subfield><marc:subfield code="z">BRASIL</marc:subfield><marc:subfield code="2">larpcal</marc:subfield></marc:datafield><marc:datafield ind1=" " ind2="7" tag="650"><marc:subfield code="a">MISS&#213;ES RELIGIOSAS</marc:subfield><marc:subfield code="2">larpcal</marc:subfield></marc:datafield><marc:datafield ind1=" " ind2="7" tag="650"><marc:subfield code="a">&#205;NDIOS</marc:subfield><marc:subfield code="z">BRASIL</marc:subfield><marc:subfield code="2">larpcal</marc:subfield></marc:datafield><marc:datafield ind1=" " ind2=" " tag="945"><marc:subfield code="a">L</marc:subfield><marc:subfield code="b">LIVRO</marc:subfield><marc:subfield code="c">01</marc:subfield></marc:datafield></marc:record>