<marc:record><marc:leader>00868nam  2200253Ia 45 0</marc:leader><marc:controlfield tag="005">$$a2004040616280</marc:controlfield><marc:controlfield tag="008">030417s2002    bl       b    000 0dpor d</marc:controlfield><marc:datafield ind1=" " ind2=" " tag="020"><marc:subfield code="a">857316297X</marc:subfield></marc:datafield><marc:datafield ind1=" " ind2=" " tag="035"><marc:subfield code="a">(OCoLC)ocm52083310</marc:subfield></marc:datafield><marc:datafield ind1=" " ind2=" " tag="040"><marc:subfield code="a">TJC</marc:subfield><marc:subfield code="c">TJC</marc:subfield></marc:datafield><marc:datafield ind1="0" ind2=" " tag="041"><marc:subfield code="a">por</marc:subfield></marc:datafield><marc:datafield ind1=" " ind2=" " tag="043"><marc:subfield code="a">s-bl---</marc:subfield></marc:datafield><marc:datafield ind1=" " ind2=" " tag="044"><marc:subfield code="a">bl</marc:subfield></marc:datafield><marc:datafield ind1=" " ind2=" " tag="090"><marc:subfield code="a">JL2431</marc:subfield><marc:subfield code="b">.F375 2002</marc:subfield></marc:datafield><marc:datafield ind1="1" ind2=" " tag="100"><marc:subfield code="a">Faria, L. de Castro</marc:subfield><marc:subfield code="q">(Luis de Castro)</marc:subfield></marc:datafield><marc:datafield ind1="1" ind2="0" tag="245"><marc:subfield code="a">Oliveira Vianna</marc:subfield><marc:subfield code="b">de Saquarema &#224; Alameda S&#227;o Boaventura, 41--Niter&#243;i o autor, os livros, a obra</marc:subfield><marc:subfield code="c">Luiz de Castro Faria</marc:subfield></marc:datafield><marc:datafield ind1=" " ind2=" " tag="260"><marc:subfield code="a">Rio de Janeiro</marc:subfield><marc:subfield code="b">Relume Dumar&#225;</marc:subfield><marc:subfield code="c">2002</marc:subfield></marc:datafield><marc:datafield ind1=" " ind2=" " tag="300"><marc:subfield code="a">142, [1] p</marc:subfield><marc:subfield code="c">23 cm</marc:subfield></marc:datafield><marc:datafield ind1=" " ind2="0" tag="440"><marc:subfield code="a">Coleo Antropologia da Poltica</marc:subfield><marc:subfield code="v">v. 16</marc:subfield></marc:datafield><marc:datafield ind1=" " ind2=" " tag="504"><marc:subfield code="a">Includes bibliographical references (p. [139]-[143]).</marc:subfield></marc:datafield><marc:datafield ind1="1" ind2="0" tag="600"><marc:subfield code="a">Viana, Oliveira</marc:subfield><marc:subfield code="d">1883-1951</marc:subfield></marc:datafield><marc:datafield ind1=" " ind2="0" tag="650"><marc:subfield code="a">Political anthropology</marc:subfield><marc:subfield code="z">Brazil</marc:subfield></marc:datafield><marc:datafield ind1=" " ind2="7" tag="650"><marc:subfield code="a">ANTROPOLOGIA POL&#205;TICA</marc:subfield><marc:subfield code="z">BRASIL</marc:subfield><marc:subfield code="2">larpcal</marc:subfield></marc:datafield><marc:datafield ind1=" " ind2=" " tag="945"><marc:subfield code="a">L</marc:subfield><marc:subfield code="b">LIVRO</marc:subfield><marc:subfield code="c">01</marc:subfield></marc:datafield></marc:record>