<marc:record><marc:leader>01334nam    00337Ia 45  </marc:leader><marc:controlfield tag="005">20190823142700.0</marc:controlfield><marc:controlfield tag="008">040428s2004    bl a    r     001 0 por d</marc:controlfield><marc:datafield ind1=" " ind2=" " tag="020"><marc:subfield code="a">859830901X</marc:subfield></marc:datafield><marc:datafield ind1=" " ind2=" " tag="020"><marc:subfield code="a">9788598309019</marc:subfield></marc:datafield><marc:datafield ind1=" " ind2=" " tag="040"><marc:subfield code="a">USP/SIBi</marc:subfield></marc:datafield><marc:datafield ind1="0" ind2=" " tag="041"><marc:subfield code="a">por</marc:subfield></marc:datafield><marc:datafield ind1=" " ind2=" " tag="044"><marc:subfield code="a">bl</marc:subfield></marc:datafield><marc:datafield ind1="0" ind2=" " tag="092"><marc:subfield code="a">981.063</marc:subfield></marc:datafield><marc:datafield ind1="0" ind2="1" tag="098"><marc:subfield code="a">323.28(81)</marc:subfield></marc:datafield><marc:datafield ind1="2" ind2=" " tag="110"><marc:subfield code="a">ADUSP</marc:subfield></marc:datafield><marc:datafield ind1="1" ind2="2" tag="245"><marc:subfield code="a">O controle ideol&#243;gico na USP (1964-1978)</marc:subfield><marc:subfield code="c">Associa&#231;&#227;o dos Docentes da USP</marc:subfield></marc:datafield><marc:datafield ind1=" " ind2=" " tag="250"><marc:subfield code="a">[2. ed.]</marc:subfield></marc:datafield><marc:datafield ind1=" " ind2=" " tag="260"><marc:subfield code="a">S&#227;o Paulo</marc:subfield><marc:subfield code="b">ADUSP</marc:subfield><marc:subfield code="c">2004</marc:subfield></marc:datafield><marc:datafield ind1=" " ind2=" " tag="300"><marc:subfield code="a">116 p.</marc:subfield><marc:subfield code="b">il</marc:subfield></marc:datafield><marc:datafield ind1=" " ind2=" " tag="500"><marc:subfield code="a">Publicado originalmente em 1978 sob o t&#237;tulo: O livro negro da USP - O controle ideol&#243;gico na Universidade</marc:subfield></marc:datafield><marc:datafield ind1=" " ind2=" " tag="504"><marc:subfield code="a">&#205;ndice</marc:subfield></marc:datafield><marc:datafield ind1="2" ind2=" " tag="505"><marc:subfield code="a">Anexo I. Documento comprova exist&#234;ncia de representa&#231;&#227;o do DOPS na reitoria da USP -- Anexo II. Acompanhamento di&#225;rio do campus da capital</marc:subfield></marc:datafield><marc:datafield ind1=" " ind2=" " tag="520"><marc:subfield code="a">Anexos s&#227;o artigos publicados pela Revista Adusp</marc:subfield></marc:datafield><marc:datafield ind1="2" ind2="7" tag="610"><marc:subfield code="a">Universidade de S&#227;o Paulo</marc:subfield><marc:subfield code="2">larpcal</marc:subfield></marc:datafield><marc:datafield ind1=" " ind2="7" tag="650"><marc:subfield code="a">HIST&#211;RIA DO BRASIL</marc:subfield><marc:subfield code="2">larpcal</marc:subfield></marc:datafield><marc:datafield ind1=" " ind2="7" tag="650"><marc:subfield code="a">UNIVERSIDADE</marc:subfield><marc:subfield code="z">S&#195;O PAULO</marc:subfield><marc:subfield code="2">larpcal</marc:subfield></marc:datafield><marc:datafield ind1=" " ind2="7" tag="650"><marc:subfield code="a">LIBERDADE POL&#205;TICA</marc:subfield><marc:subfield code="z">BRASIL</marc:subfield><marc:subfield code="2">larpcal</marc:subfield></marc:datafield><marc:datafield ind1=" " ind2="7" tag="650"><marc:subfield code="a">REPRESS&#195;O POL&#205;TICA</marc:subfield><marc:subfield code="z">BRASIL</marc:subfield><marc:subfield code="2">larpcal</marc:subfield></marc:datafield><marc:datafield ind1=" " ind2="7" tag="650"><marc:subfield code="a">DITADURA</marc:subfield><marc:subfield code="y">1964-1984</marc:subfield><marc:subfield code="z">BRASIL</marc:subfield><marc:subfield code="2">larpcal</marc:subfield></marc:datafield><marc:datafield ind1="4" ind2="1" tag="856"><marc:subfield code="u">https://www.adusp.org.br/files/cadernos/livronegro.pdf</marc:subfield><marc:subfield code="3">Documento completo</marc:subfield><marc:subfield code="z">Clicar aqui para acesso ao documento completo</marc:subfield></marc:datafield><marc:datafield ind1=" " ind2=" " tag="945"><marc:subfield code="a">L</marc:subfield><marc:subfield code="b">LIVRO</marc:subfield><marc:subfield code="c">01</marc:subfield></marc:datafield></marc:record>