<marc:record><marc:leader>00784nam   200217Ia 45  </marc:leader><marc:controlfield tag="005">20130704165000.0</marc:controlfield><marc:controlfield tag="008">040428s1948    bl            000 0 por d</marc:controlfield><marc:datafield ind1=" " ind2=" " tag="040"><marc:subfield code="a">USP/SIBI</marc:subfield></marc:datafield><marc:datafield ind1="0" ind2=" " tag="041"><marc:subfield code="a">por</marc:subfield></marc:datafield><marc:datafield ind1=" " ind2=" " tag="044"><marc:subfield code="a">bl</marc:subfield></marc:datafield><marc:datafield ind1="0" ind2=" " tag="092"><marc:subfield code="a">304.2</marc:subfield></marc:datafield><marc:datafield ind1="1" ind2=" " tag="100"><marc:subfield code="a">Santos, M&#237;lton</marc:subfield><marc:subfield code="d">1926-20010</marc:subfield></marc:datafield><marc:datafield ind1="1" ind2="2" tag="245"><marc:subfield code="a">O povoamento da Bahia</marc:subfield><marc:subfield code="b">suas causas economicas</marc:subfield><marc:subfield code="c">Milton Santos</marc:subfield></marc:datafield><marc:datafield ind1=" " ind2=" " tag="260"><marc:subfield code="a">S.l.</marc:subfield><marc:subfield code="b">Imprensa Oficial da Bahia</marc:subfield><marc:subfield code="c">1948</marc:subfield></marc:datafield><marc:datafield ind1=" " ind2=" " tag="300"><marc:subfield code="a">105 p</marc:subfield><marc:subfield code="c">23 cm</marc:subfield></marc:datafield><marc:datafield ind1=" " ind2=" " tag="500"><marc:subfield code="a">Sob o t&#237;tulo na p&#225;gina de rosto: Tese para concurso &#224; Cadeira de Geografia do Brasil do Gin&#225;sio de Ilh&#233;us, Bahia.</marc:subfield></marc:datafield><marc:datafield ind1=" " ind2=" " tag="500"><marc:subfield code="a">Sob o t&#237;tulo na capa: (contribui&#231;&#227;o para estudo)</marc:subfield></marc:datafield><marc:datafield ind1=" " ind2=" " tag="590"><marc:subfield code="a">Exemplar do IEB com dedicat&#243;ria.</marc:subfield></marc:datafield><marc:datafield ind1=" " ind2="7" tag="650"><marc:subfield code="a">GEOGRAFIA HUMANA</marc:subfield><marc:subfield code="z">BAHIA</marc:subfield><marc:subfield code="2">larpcal</marc:subfield></marc:datafield><marc:datafield ind1=" " ind2="7" tag="650"><marc:subfield code="a">DEMOGRAFIA (HIST&#211;RIA)</marc:subfield><marc:subfield code="z">BAHIA</marc:subfield><marc:subfield code="2">larpcal</marc:subfield></marc:datafield><marc:datafield ind1=" " ind2=" " tag="945"><marc:subfield code="a">L</marc:subfield><marc:subfield code="b">LIVRO</marc:subfield><marc:subfield code="c">01</marc:subfield></marc:datafield></marc:record>