<marc:record><marc:leader>00640nam   200193Ia 45  </marc:leader><marc:controlfield tag="005">20161107163800.0</marc:controlfield><marc:controlfield tag="008">      s2003    bl            000 0 por d</marc:controlfield><marc:datafield ind1=" " ind2=" " tag="040"><marc:subfield code="a">USP/SIBI</marc:subfield></marc:datafield><marc:datafield ind1="0" ind2=" " tag="041"><marc:subfield code="a">por</marc:subfield></marc:datafield><marc:datafield ind1=" " ind2=" " tag="044"><marc:subfield code="a">bl</marc:subfield></marc:datafield><marc:datafield ind1="0" ind2=" " tag="092"><marc:subfield code="a">918.151</marc:subfield></marc:datafield><marc:datafield ind1="1" ind2=" " tag="100"><marc:subfield code="a">Cruls, Luiz</marc:subfield><marc:subfield code="d">1848-1908</marc:subfield></marc:datafield><marc:datafield ind1="1" ind2="0" tag="245"><marc:subfield code="a">Relat&#243;rio Cruls</marc:subfield><marc:subfield code="b">Relat&#243;rio da Comiss&#227;o Exploradora do Planalto Central do Brasil</marc:subfield><marc:subfield code="c">Luiz Cruls</marc:subfield></marc:datafield><marc:datafield ind1=" " ind2=" " tag="250"><marc:subfield code="a">edi&#231;&#227;o fac-similar</marc:subfield></marc:datafield><marc:datafield ind1=" " ind2=" " tag="260"><marc:subfield code="a">Bras&#237;lia</marc:subfield><marc:subfield code="b">Senado Federal, Conselho Editorial</marc:subfield><marc:subfield code="c">2003</marc:subfield></marc:datafield><marc:datafield ind1=" " ind2=" " tag="300"><marc:subfield code="a">343 p</marc:subfield><marc:subfield code="b">il. fots. maps.grafs</marc:subfield><marc:subfield code="c">30 cm</marc:subfield></marc:datafield><marc:datafield ind1="0" ind2=" " tag="490"><marc:subfield code="a">Edi&#231;&#245;es do Senado Federal</marc:subfield><marc:subfield code="v">22</marc:subfield></marc:datafield><marc:datafield ind1=" " ind2="7" tag="651"><marc:subfield code="a">GOI&#193;S(GO) (DESCRI&#199;&#195;O E VIAGENS)</marc:subfield><marc:subfield code="2">larpcal</marc:subfield></marc:datafield><marc:datafield ind1=" " ind2=" " tag="945"><marc:subfield code="a">L</marc:subfield><marc:subfield code="b">LIVRO</marc:subfield><marc:subfield code="c">01</marc:subfield></marc:datafield></marc:record>