<marc:record><marc:leader>00656nam   200205Ia 45  </marc:leader><marc:controlfield tag="005">20110814024100.0</marc:controlfield><marc:controlfield tag="008">      s2004    bl            000 0 por d</marc:controlfield><marc:datafield ind1=" " ind2=" " tag="020"><marc:subfield code="a">8532629679</marc:subfield></marc:datafield><marc:datafield ind1=" " ind2=" " tag="040"><marc:subfield code="a">USP/SIBI</marc:subfield></marc:datafield><marc:datafield ind1="0" ind2=" " tag="041"><marc:subfield code="a">por</marc:subfield></marc:datafield><marc:datafield ind1=" " ind2=" " tag="044"><marc:subfield code="a">bl</marc:subfield></marc:datafield><marc:datafield ind1="0" ind2=" " tag="092"><marc:subfield code="a">199.81</marc:subfield></marc:datafield><marc:datafield ind1="1" ind2=" " tag="100"><marc:subfield code="a">Magalh&#227;es, Domingos Jos&#233; Gon&#231;alves de</marc:subfield><marc:subfield code="d">1811-1882</marc:subfield><marc:subfield code="c">Visconde de Araguaia</marc:subfield></marc:datafield><marc:datafield ind1="1" ind2="0" tag="245"><marc:subfield code="a">Fatos do esp&#237;rito humano</marc:subfield><marc:subfield code="c">organiza&#231;&#227;o e estudo introdut&#243;rio por Luiz Alberto Cerqueira</marc:subfield></marc:datafield><marc:datafield ind1=" " ind2=" " tag="260"><marc:subfield code="a">Petr&#243;polis</marc:subfield><marc:subfield code="b">Vozes</marc:subfield><marc:subfield code="a">Rio de Janeiro</marc:subfield><marc:subfield code="b">ABL</marc:subfield><marc:subfield code="c">2004</marc:subfield></marc:datafield><marc:datafield ind1=" " ind2=" " tag="300"><marc:subfield code="a">430 p</marc:subfield><marc:subfield code="c">21 cm</marc:subfield></marc:datafield><marc:datafield ind1=" " ind2=" " tag="504"><marc:subfield code="a">Bibliografia</marc:subfield></marc:datafield><marc:datafield ind1=" " ind2="7" tag="650"><marc:subfield code="a">FILOSOFIA</marc:subfield><marc:subfield code="z">BRASIL</marc:subfield><marc:subfield code="2">larpcal</marc:subfield></marc:datafield><marc:datafield ind1="1" ind2=" " tag="700"><marc:subfield code="a">Cerqueira, Luiz Alberto</marc:subfield><marc:subfield code="4">org</marc:subfield></marc:datafield><marc:datafield ind1=" " ind2=" " tag="945"><marc:subfield code="a">L</marc:subfield><marc:subfield code="b">LIVRO</marc:subfield><marc:subfield code="c">01</marc:subfield></marc:datafield></marc:record>