<marc:record><marc:leader>01073nam   200277Ia 45  </marc:leader><marc:controlfield tag="005">20110814024100.0</marc:controlfield><marc:controlfield tag="008">      s2003    bl            000 0 por d</marc:controlfield><marc:datafield ind1=" " ind2=" " tag="020"><marc:subfield code="a">8588504073</marc:subfield></marc:datafield><marc:datafield ind1=" " ind2=" " tag="040"><marc:subfield code="a">USP/SIBI</marc:subfield></marc:datafield><marc:datafield ind1="0" ind2=" " tag="041"><marc:subfield code="a">por</marc:subfield></marc:datafield><marc:datafield ind1=" " ind2=" " tag="044"><marc:subfield code="a">bl</marc:subfield></marc:datafield><marc:datafield ind1="0" ind2=" " tag="092"><marc:subfield code="a">918.152</marc:subfield></marc:datafield><marc:datafield ind1="1" ind2=" " tag="100"><marc:subfield code="a">Leite, Mario Cezar Silva</marc:subfield></marc:datafield><marc:datafield ind1="1" ind2="0" tag="245"><marc:subfield code="a">&#193;guas encantadas de Chacoror&#233;</marc:subfield><marc:subfield code="b">natureza, cultura, paisagens e mitos do Pantanal</marc:subfield></marc:datafield><marc:datafield ind1=" " ind2=" " tag="250"><marc:subfield code="a">1.ed</marc:subfield></marc:datafield><marc:datafield ind1=" " ind2=" " tag="260"><marc:subfield code="a">Cuiab&#225;</marc:subfield><marc:subfield code="b">Cathedral Unicen Publica&#231;&#245;es</marc:subfield><marc:subfield code="c">2003</marc:subfield></marc:datafield><marc:datafield ind1=" " ind2=" " tag="300"><marc:subfield code="a">156 p</marc:subfield><marc:subfield code="b">il</marc:subfield><marc:subfield code="c">21 cm</marc:subfield></marc:datafield><marc:datafield ind1="0" ind2=" " tag="490"><marc:subfield code="a">Cole&#231;&#227;o Tibanar&#233; de Estudos Mato-Grossenses</marc:subfield><marc:subfield code="v">v.4</marc:subfield></marc:datafield><marc:datafield ind1=" " ind2=" " tag="500"><marc:subfield code="a">Originalmente apresentada como tese do autor (Doutorado - Programa de Estudos P&#243;s-Graduados em Comunica&#231;&#227;o e semi&#243;tica da Pontif&#237;cia Universidade Cat&#243;lica de S&#227;o Paulo) em 2000</marc:subfield></marc:datafield><marc:datafield ind1=" " ind2=" " tag="504"><marc:subfield code="a">Bibliografia</marc:subfield></marc:datafield><marc:datafield ind1=" " ind2="7" tag="650"><marc:subfield code="a">CULTURA BRASILEIRA</marc:subfield><marc:subfield code="z">PANTANAL</marc:subfield><marc:subfield code="2">larpcal</marc:subfield></marc:datafield><marc:datafield ind1=" " ind2="7" tag="650"><marc:subfield code="a">MITOLOGIA</marc:subfield><marc:subfield code="z">BRASIL</marc:subfield><marc:subfield code="2">larpcal</marc:subfield></marc:datafield><marc:datafield ind1=" " ind2="7" tag="650"><marc:subfield code="a">PAISAGEM</marc:subfield><marc:subfield code="z">PANTANAL;MATO GROSSO</marc:subfield><marc:subfield code="2">larpcal</marc:subfield></marc:datafield><marc:datafield ind1=" " ind2="7" tag="651"><marc:subfield code="a">PANTANAL (DESCRI&#199;&#195;O E VIAGENS)</marc:subfield><marc:subfield code="2">larpcal</marc:subfield></marc:datafield><marc:datafield ind1="1" ind2=" " tag="700"><marc:subfield code="a">Ferreira, Jerusa de Carvalho Pires</marc:subfield><marc:subfield code="4">apres</marc:subfield></marc:datafield><marc:datafield ind1=" " ind2=" " tag="945"><marc:subfield code="a">L</marc:subfield><marc:subfield code="b">LIVRO</marc:subfield><marc:subfield code="c">01</marc:subfield></marc:datafield></marc:record>