<marc:record><marc:leader>00810nam   200205Ia 45  </marc:leader><marc:controlfield tag="005">20110814024700.0</marc:controlfield><marc:controlfield tag="008">      s2004    por           000 0 bl  d</marc:controlfield><marc:datafield ind1=" " ind2=" " tag="020"><marc:subfield code="a">8535905618</marc:subfield></marc:datafield><marc:datafield ind1=" " ind2=" " tag="040"><marc:subfield code="a">USP/SIBI</marc:subfield></marc:datafield><marc:datafield ind1="0" ind2=" " tag="041"><marc:subfield code="a">por</marc:subfield></marc:datafield><marc:datafield ind1=" " ind2=" " tag="044"><marc:subfield code="a">bl</marc:subfield></marc:datafield><marc:datafield ind1="0" ind2=" " tag="092"><marc:subfield code="a">326.09</marc:subfield></marc:datafield><marc:datafield ind1="1" ind2=" " tag="100"><marc:subfield code="a">Marquese, Rafael de Bivar</marc:subfield></marc:datafield><marc:datafield ind1="1" ind2="0" tag="245"><marc:subfield code="a">Feitores do corpo, mission&#225;rios da mente</marc:subfield><marc:subfield code="b">senhores, letrados e o controle dos escravos nas am&#233;ricas, 1660-1860</marc:subfield><marc:subfield code="c">Rafael de Bivar Marquese</marc:subfield></marc:datafield><marc:datafield ind1=" " ind2=" " tag="260"><marc:subfield code="a">S&#227;o Paulo</marc:subfield><marc:subfield code="b">Companhia das Letras</marc:subfield><marc:subfield code="c">2004</marc:subfield></marc:datafield><marc:datafield ind1=" " ind2=" " tag="300"><marc:subfield code="a">479 p</marc:subfield></marc:datafield><marc:datafield ind1=" " ind2="7" tag="650"><marc:subfield code="a">HIST&#211;RIA DA AM&#201;RICA (ASPECTOS POLITICO-S&#211;CIO-ECON&#212;MICOS)</marc:subfield><marc:subfield code="y">1660-1860</marc:subfield><marc:subfield code="2">larpcal</marc:subfield></marc:datafield><marc:datafield ind1=" " ind2="7" tag="650"><marc:subfield code="a">ESCRAVID&#195;O (HIST&#211;RIA;ASPECTOS POLITICO-S&#211;CIO-ECON&#212;MICOS)</marc:subfield><marc:subfield code="y">1660-1860</marc:subfield><marc:subfield code="z">AM&#201;RICA</marc:subfield><marc:subfield code="2">larpcal</marc:subfield></marc:datafield><marc:datafield ind1=" " ind2="7" tag="650"><marc:subfield code="a">ESCRAVOS (CONTROLE;ADMINISTRA&#199;&#195;O;HIST&#211;RIA)</marc:subfield><marc:subfield code="z">AM&#201;RICA</marc:subfield><marc:subfield code="2">larpcal</marc:subfield></marc:datafield><marc:datafield ind1=" " ind2=" " tag="945"><marc:subfield code="a">L</marc:subfield><marc:subfield code="b">LIVRO</marc:subfield><marc:subfield code="c">01</marc:subfield></marc:datafield></marc:record>