<marc:record><marc:leader>01241cam  2200325 a 45 0</marc:leader><marc:controlfield tag="005">$$a2005011912052</marc:controlfield><marc:controlfield tag="008">041014s2004    bl ab    b    000 0 por c</marc:controlfield><marc:datafield ind1=" " ind2=" " tag="020"><marc:subfield code="a">8520006701</marc:subfield></marc:datafield><marc:datafield ind1=" " ind2=" " tag="035"><marc:subfield code="a">(OCoLC)ocm56934490</marc:subfield></marc:datafield><marc:datafield ind1=" " ind2=" " tag="040"><marc:subfield code="a">CSt</marc:subfield><marc:subfield code="c">STF</marc:subfield></marc:datafield><marc:datafield ind1="0" ind2=" " tag="041"><marc:subfield code="a">por</marc:subfield></marc:datafield><marc:datafield ind1=" " ind2=" " tag="042"><marc:subfield code="a">pcc</marc:subfield></marc:datafield><marc:datafield ind1=" " ind2=" " tag="043"><marc:subfield code="a">s-bl---</marc:subfield></marc:datafield><marc:datafield ind1=" " ind2=" " tag="044"><marc:subfield code="a">bl</marc:subfield></marc:datafield><marc:datafield ind1=" " ind2="4" tag="050"><marc:subfield code="a">HD4875.B8</marc:subfield><marc:subfield code="b">F54 2004</marc:subfield></marc:datafield><marc:datafield ind1="0" ind2=" " tag="092"><marc:subfield code="a">331.1193</marc:subfield></marc:datafield><marc:datafield ind1="1" ind2=" " tag="100"><marc:subfield code="a">Figueira, Ricardo Rezende</marc:subfield><marc:subfield code="d">1952-</marc:subfield></marc:datafield><marc:datafield ind1="1" ind2="0" tag="245"><marc:subfield code="a">Pisando fora da pr&#243;pria sombra</marc:subfield><marc:subfield code="b">a escravid&#227;o por d&#237;vida no Brasil contempor&#226;neo</marc:subfield><marc:subfield code="c">Ricardo Rezende Figueira ; fotografias de Jo&#227;o Roberto Ripper</marc:subfield></marc:datafield><marc:datafield ind1=" " ind2=" " tag="260"><marc:subfield code="a">Rio de Janeiro</marc:subfield><marc:subfield code="b">Civiliza&#231;&#227;o Brasileira</marc:subfield><marc:subfield code="c">2004</marc:subfield></marc:datafield><marc:datafield ind1=" " ind2=" " tag="300"><marc:subfield code="a">445 p.</marc:subfield><marc:subfield code="b">ill., maps</marc:subfield><marc:subfield code="c">23 cm.</marc:subfield></marc:datafield><marc:datafield ind1=" " ind2=" " tag="504"><marc:subfield code="a">Includes bibliographical references (p. 397-409)</marc:subfield></marc:datafield><marc:datafield ind1=" " ind2="0" tag="650"><marc:subfield code="a">Peonage</marc:subfield><marc:subfield code="z">Brazil</marc:subfield><marc:subfield code="z">Par&#225; (State)</marc:subfield></marc:datafield><marc:datafield ind1=" " ind2="0" tag="650"><marc:subfield code="a">Slave labor</marc:subfield><marc:subfield code="z">Brazil</marc:subfield><marc:subfield code="z">Par&#225; (State)</marc:subfield></marc:datafield><marc:datafield ind1=" " ind2="0" tag="650"><marc:subfield code="a">Agricultural laborers</marc:subfield><marc:subfield code="z">Brazil</marc:subfield><marc:subfield code="z">Par&#225; (State)</marc:subfield><marc:subfield code="x">Social conditions</marc:subfield></marc:datafield><marc:datafield ind1=" " ind2="0" tag="650"><marc:subfield code="a">Agricultural laborers</marc:subfield><marc:subfield code="x">Crimes against</marc:subfield><marc:subfield code="z">Brazil</marc:subfield><marc:subfield code="z">Par&#225; (State)</marc:subfield></marc:datafield><marc:datafield ind1=" " ind2="7" tag="650"><marc:subfield code="a">AGRICULTOR (CONDIC&#213;ES SOCIAIS;EXPLORA&#199;&#195;O)</marc:subfield><marc:subfield code="z">BRASIL</marc:subfield><marc:subfield code="2">larpcal</marc:subfield></marc:datafield><marc:datafield ind1=" " ind2="7" tag="650"><marc:subfield code="a">TRABALHO</marc:subfield><marc:subfield code="z">BRASIL</marc:subfield><marc:subfield code="2">larpcal</marc:subfield></marc:datafield><marc:datafield ind1=" " ind2="7" tag="650"><marc:subfield code="a">TRABALHO RURAL (CONDIC&#213;ES SOCIAIS)</marc:subfield><marc:subfield code="z">BRASIL</marc:subfield><marc:subfield code="2">larpcal</marc:subfield></marc:datafield><marc:datafield ind1=" " ind2="7" tag="650"><marc:subfield code="a">ESCRAVID&#195;O</marc:subfield><marc:subfield code="z">BRASIL</marc:subfield><marc:subfield code="2">larpcal</marc:subfield></marc:datafield><marc:datafield ind1=" " ind2=" " tag="945"><marc:subfield code="a">L</marc:subfield><marc:subfield code="b">LIVRO</marc:subfield><marc:subfield code="c">01</marc:subfield></marc:datafield></marc:record>