<marc:record><marc:leader>01290cam  2200361 a 45 0</marc:leader><marc:controlfield tag="005">$$a2005020112463</marc:controlfield><marc:controlfield tag="008">040413r20041976bl a     b   l000 0dpor  </marc:controlfield><marc:datafield ind1=" " ind2=" " tag="010"><marc:subfield code="a">2004342140</marc:subfield></marc:datafield><marc:datafield ind1=" " ind2=" " tag="020"><marc:subfield code="a">8585910542 (v. 1)</marc:subfield></marc:datafield><marc:datafield ind1=" " ind2=" " tag="020"><marc:subfield code="a">8585910534 (v. 2)</marc:subfield></marc:datafield><marc:datafield ind1=" " ind2=" " tag="020"><marc:subfield code="a">978858591054 (v.1)</marc:subfield></marc:datafield><marc:datafield ind1=" " ind2=" " tag="020"><marc:subfield code="a">9788585910532 (v.2)</marc:subfield></marc:datafield><marc:datafield ind1=" " ind2=" " tag="035"><marc:subfield code="a">(OCoLC)ocm55145996</marc:subfield></marc:datafield><marc:datafield ind1=" " ind2=" " tag="040"><marc:subfield code="a">DLC</marc:subfield><marc:subfield code="c">DLC</marc:subfield><marc:subfield code="d">GZM</marc:subfield></marc:datafield><marc:datafield ind1="0" ind2=" " tag="041"><marc:subfield code="a">por</marc:subfield></marc:datafield><marc:datafield ind1=" " ind2=" " tag="042"><marc:subfield code="a">lcode</marc:subfield></marc:datafield><marc:datafield ind1=" " ind2=" " tag="043"><marc:subfield code="a">sa-----</marc:subfield></marc:datafield><marc:datafield ind1=" " ind2=" " tag="044"><marc:subfield code="a">bl</marc:subfield></marc:datafield><marc:datafield ind1="0" ind2="0" tag="050"><marc:subfield code="a">F2546</marc:subfield><marc:subfield code="b">.D18 2004</marc:subfield></marc:datafield><marc:datafield ind1="0" ind2="0" tag="082"><marc:subfield code="a">981/.1032</marc:subfield><marc:subfield code="2">22</marc:subfield></marc:datafield><marc:datafield ind1="0" ind2=" " tag="092"><marc:subfield code="a">981.11</marc:subfield></marc:datafield><marc:datafield ind1="0" ind2="1" tag="098"><marc:subfield code="a">910.4</marc:subfield></marc:datafield><marc:datafield ind1="1" ind2=" " tag="100"><marc:subfield code="a">Daniel, Jo&#227;o</marc:subfield><marc:subfield code="c">Padre</marc:subfield><marc:subfield code="d">1722-1776</marc:subfield></marc:datafield><marc:datafield ind1="1" ind2="0" tag="245"><marc:subfield code="a">Tesouro descoberto no m&#225;ximo rio Amazonas</marc:subfield><marc:subfield code="c">Padre Jo&#227;o Daniel</marc:subfield></marc:datafield><marc:datafield ind1=" " ind2=" " tag="250"><marc:subfield code="a">1a ed</marc:subfield></marc:datafield><marc:datafield ind1=" " ind2=" " tag="260"><marc:subfield code="a">Bel&#233;m</marc:subfield><marc:subfield code="b">Prefeitura da Cidade</marc:subfield><marc:subfield code="c">2004</marc:subfield><marc:subfield code="a">Rio de Janeiro, RJ</marc:subfield><marc:subfield code="b">Contraponto</marc:subfield></marc:datafield><marc:datafield ind1=" " ind2=" " tag="300"><marc:subfield code="a">2 v.</marc:subfield><marc:subfield code="b">ill.</marc:subfield><marc:subfield code="c">23 cm</marc:subfield></marc:datafield><marc:datafield ind1=" " ind2=" " tag="500"><marc:subfield code="a">Reprint of the original manuscripts previously published in 1976 and held by Biblioteca Nacional in Rio de Janeiro (parts 1-5) and Biblioteca P&#250;blica e Arquivo Distrital de Evora in Portugal (part 6)</marc:subfield></marc:datafield><marc:datafield ind1=" " ind2=" " tag="504"><marc:subfield code="a">Includes bibliographical references</marc:subfield></marc:datafield><marc:datafield ind1=" " ind2="7" tag="650"><marc:subfield code="a">VIAGENS E EXPLORA&#199;&#213;ES</marc:subfield><marc:subfield code="z">AMAZ&#212;NIA</marc:subfield><marc:subfield code="2">larpcal</marc:subfield></marc:datafield><marc:datafield ind1=" " ind2="7" tag="650"><marc:subfield code="a">DESCOBERTAS E EXPLORA&#199;&#213;ES</marc:subfield><marc:subfield code="z">AMAZ&#212;NIA</marc:subfield><marc:subfield code="2">larpcal</marc:subfield></marc:datafield><marc:datafield ind1=" " ind2="7" tag="651"><marc:subfield code="a">AMAZ&#212;NIA (HIST&#211;RIA;DESCRI&#199;&#195;O E VIAGENS)</marc:subfield><marc:subfield code="2">larpcal</marc:subfield></marc:datafield><marc:datafield ind1=" " ind2=" " tag="945"><marc:subfield code="a">L</marc:subfield><marc:subfield code="b">LIVRO</marc:subfield><marc:subfield code="c">01</marc:subfield></marc:datafield></marc:record>