<marc:record><marc:leader>01366nam   2003254a 45  </marc:leader><marc:controlfield tag="005">20180807105200.0</marc:controlfield><marc:controlfield tag="008">050214s2004    bl a    r     000 0 por d</marc:controlfield><marc:datafield ind1=" " ind2=" " tag="020"><marc:subfield code="a">8585786388 (v.1 - CENPEC)</marc:subfield></marc:datafield><marc:datafield ind1=" " ind2=" " tag="020"><marc:subfield code="a">8570602782 (v.1 - IMESP)</marc:subfield></marc:datafield><marc:datafield ind1=" " ind2=" " tag="020"><marc:subfield code="a">8585786396 (v.2 - CENPEC)</marc:subfield></marc:datafield><marc:datafield ind1=" " ind2=" " tag="020"><marc:subfield code="a">8570602790 (v.2 - IMESP)</marc:subfield></marc:datafield><marc:datafield ind1=" " ind2=" " tag="020"><marc:subfield code="a">858578640X (v.3 - CENPEC)</marc:subfield></marc:datafield><marc:datafield ind1=" " ind2=" " tag="020"><marc:subfield code="a">8570602804 (v.3 - IMESP)</marc:subfield></marc:datafield><marc:datafield ind1=" " ind2=" " tag="040"><marc:subfield code="a">USP/SIBI</marc:subfield></marc:datafield><marc:datafield ind1="0" ind2=" " tag="041"><marc:subfield code="a">por</marc:subfield></marc:datafield><marc:datafield ind1=" " ind2=" " tag="044"><marc:subfield code="a">bl</marc:subfield></marc:datafield><marc:datafield ind1="0" ind2="4" tag="082"><marc:subfield code="a">981.61</marc:subfield></marc:datafield><marc:datafield ind1="0" ind2=" " tag="092"><marc:subfield code="a">981.6</marc:subfield></marc:datafield><marc:datafield ind1="0" ind2=" " tag="092"><marc:subfield code="a">981.61</marc:subfield></marc:datafield><marc:datafield ind1="2" ind2=" " tag="110"><marc:subfield code="a">Centro de Estudos e Pesquisas em Educa&#231;&#227;o, Cultura e A&#231;&#227;o Comunit&#225;ria (S&#227;o Paulo)</marc:subfield></marc:datafield><marc:datafield ind1="1" ind2="0" tag="245"><marc:subfield code="a">Terra paulista</marc:subfield><marc:subfield code="b">hist&#243;ria, arte e costumes</marc:subfield><marc:subfield code="c">coordena&#231;&#227;o de Maria Alice Setubal ... [et al.]</marc:subfield></marc:datafield><marc:datafield ind1=" " ind2=" " tag="260"><marc:subfield code="a">S&#227;o Paulo</marc:subfield><marc:subfield code="b">CENPEC</marc:subfield><marc:subfield code="c">2004</marc:subfield><marc:subfield code="b">Imprensa Oficial</marc:subfield></marc:datafield><marc:datafield ind1=" " ind2=" " tag="300"><marc:subfield code="a">3 v.</marc:subfield></marc:datafield><marc:datafield ind1="0" ind2=" " tag="490"><marc:subfield code="a">Terra paulista: hist&#243;rias, artes costumes</marc:subfield><marc:subfield code="v">3 v</marc:subfield></marc:datafield><marc:datafield ind1="0" ind2=" " tag="505"><marc:subfield code="a">v.1. A forma&#231;&#227;o do Estado de S&#227;o Paulo, seus habitantes, e os usos da terra -- v.2. Modos de vida dos paulistas: identidades, fam&#237;lias e espa&#231;os dom&#233;sticos -- v.3. Manifesta&#231;&#245;es art&#237;sticas e celebra&#231;&#245;es populares no Estado de S&#227;o Paulo</marc:subfield></marc:datafield><marc:datafield ind1=" " ind2="7" tag="651"><marc:subfield code="a">S&#195;O PAULO</marc:subfield><marc:subfield code="x">HIST&#211;RIA</marc:subfield><marc:subfield code="x">CULTURA</marc:subfield><marc:subfield code="x">SOCIEDADE</marc:subfield><marc:subfield code="x">VIDA COTIDIANA</marc:subfield><marc:subfield code="2">larpcal</marc:subfield></marc:datafield><marc:datafield ind1=" " ind2="7" tag="650"><marc:subfield code="a">CULTURA POPULAR</marc:subfield><marc:subfield code="z">S&#195;O PAULO</marc:subfield><marc:subfield code="2">larpcal</marc:subfield></marc:datafield><marc:datafield ind1=" " ind2="7" tag="650"><marc:subfield code="a">COSTUMES</marc:subfield><marc:subfield code="z">S&#195;O PAULO</marc:subfield><marc:subfield code="2">larpcal</marc:subfield></marc:datafield><marc:datafield ind1="1" ind2=" " tag="700"><marc:subfield code="a">Setubal, Maria Alice</marc:subfield><marc:subfield code="4">coord</marc:subfield></marc:datafield><marc:datafield ind1=" " ind2=" " tag="945"><marc:subfield code="a">L</marc:subfield><marc:subfield code="b">LIVRO</marc:subfield><marc:subfield code="c">01</marc:subfield></marc:datafield></marc:record>