<marc:record><marc:leader>01471cam  22002654a 45 0</marc:leader><marc:controlfield tag="005">20200720142600.0</marc:controlfield><marc:controlfield tag="008">040629s2004    bl a     b    000 0bpor c</marc:controlfield><marc:datafield ind1=" " ind2=" " tag="020"><marc:subfield code="a">857244257X</marc:subfield></marc:datafield><marc:datafield ind1=" " ind2=" " tag="020"><marc:subfield code="a">9788572442572</marc:subfield></marc:datafield><marc:datafield ind1=" " ind2=" " tag="040"><marc:subfield code="a">USP/SIBI</marc:subfield></marc:datafield><marc:datafield ind1="0" ind2=" " tag="041"><marc:subfield code="a">por</marc:subfield></marc:datafield><marc:datafield ind1=" " ind2=" " tag="044"><marc:subfield code="a">bl</marc:subfield></marc:datafield><marc:datafield ind1="0" ind2=" " tag="092"><marc:subfield code="a">920</marc:subfield></marc:datafield><marc:datafield ind1="0" ind2=" " tag="092"><marc:subfield code="a">981</marc:subfield></marc:datafield><marc:datafield ind1="1" ind2=" " tag="100"><marc:subfield code="a">Neto, Lira</marc:subfield><marc:subfield code="d">1963-</marc:subfield></marc:datafield><marc:datafield ind1="1" ind2="0" tag="245"><marc:subfield code="a">Castello</marc:subfield><marc:subfield code="b">a marcha para a ditadura</marc:subfield><marc:subfield code="c">Lira Neto</marc:subfield></marc:datafield><marc:datafield ind1=" " ind2=" " tag="260"><marc:subfield code="a">S&#227;o Paulo</marc:subfield><marc:subfield code="b">Editora Contexto</marc:subfield><marc:subfield code="c">2004</marc:subfield></marc:datafield><marc:datafield ind1=" " ind2=" " tag="300"><marc:subfield code="a">429 p</marc:subfield><marc:subfield code="b">il.</marc:subfield><marc:subfield code="c">23 cm</marc:subfield></marc:datafield><marc:datafield ind1="0" ind2=" " tag="505"><marc:subfield code="a">As margens pl&#225;cidas (inf&#226;ncia e juventude - 1897-1922) -- Um povo her&#243;ico (a rebeldia nos quart&#233;is - 1922-1938) -- Filho teu n&#227;o foge &#224; luta (o Brasil e a II Guerra Mundial - 1939-1945) -- O sol da liberdade (o fr&#225;gil interl&#250;dio democr&#225;tico - 1945-1963) -- &#192; terra desce (o golpe contra a democracia - 1963-1964) -- A clava forte ( os militares no poder - 1964) -- &#201;s tu, Brasil (&#224; sombra da linha dura - 1965) -- Entre outros mil (a batalha da sucess&#227;o - 1966-1967) -- &#192; luz do c&#233;u profundo (a morte veio do ar)</marc:subfield></marc:datafield><marc:datafield ind1=" " ind2=" " tag="520"><marc:subfield code="a">Apresenta um retrato do primeiro presidente do regime militar que governou o Brasil a partir de 1964. Analisa a figura amb&#237;gua, descrito por uns como o mais intelectual dos militares e por outros como um truculento dissimulado</marc:subfield></marc:datafield><marc:datafield ind1="1" ind2="0" tag="600"><marc:subfield code="a">Castelo Branco, Humberto de Alencar</marc:subfield><marc:subfield code="d">1900-1967</marc:subfield><marc:subfield code="2">larpcal</marc:subfield></marc:datafield><marc:datafield ind1=" " ind2="7" tag="650"><marc:subfield code="a">HIST&#211;RIA DO BRASIL</marc:subfield><marc:subfield code="2">larpcal</marc:subfield></marc:datafield><marc:datafield ind1=" " ind2="7" tag="650"><marc:subfield code="a">DITADURA</marc:subfield><marc:subfield code="z">BRASIL</marc:subfield><marc:subfield code="2">larpcal</marc:subfield></marc:datafield><marc:datafield ind1=" " ind2="7" tag="650"><marc:subfield code="a">MILITARISMO</marc:subfield><marc:subfield code="z">BRASIL</marc:subfield><marc:subfield code="2">larpcal</marc:subfield></marc:datafield><marc:datafield ind1=" " ind2=" " tag="945"><marc:subfield code="a">L</marc:subfield><marc:subfield code="b">LIVRO</marc:subfield><marc:subfield code="c">01</marc:subfield></marc:datafield></marc:record>