<marc:record><marc:leader>00709nam  2200229Ia 45 0</marc:leader><marc:controlfield tag="005">$$a2005032312411</marc:controlfield><marc:controlfield tag="008">030812s2003    bl            000 1 por c</marc:controlfield><marc:datafield ind1=" " ind2=" " tag="020"><marc:subfield code="a">8535903437</marc:subfield></marc:datafield><marc:datafield ind1=" " ind2=" " tag="035"><marc:subfield code="a">(OCoLC)ocm52832408</marc:subfield></marc:datafield><marc:datafield ind1=" " ind2=" " tag="040"><marc:subfield code="a">EYM</marc:subfield><marc:subfield code="c">EYM</marc:subfield></marc:datafield><marc:datafield ind1="0" ind2=" " tag="041"><marc:subfield code="a">por</marc:subfield></marc:datafield><marc:datafield ind1=" " ind2=" " tag="044"><marc:subfield code="a">bl</marc:subfield></marc:datafield><marc:datafield ind1="0" ind2=" " tag="092"><marc:subfield code="a">869.996</marc:subfield></marc:datafield><marc:datafield ind1="1" ind2=" " tag="100"><marc:subfield code="a">Couto, Mia</marc:subfield><marc:subfield code="d">1955-</marc:subfield></marc:datafield><marc:datafield ind1="1" ind2="3" tag="245"><marc:subfield code="a">Um rio chamado tempo, uma casa chamada terra</marc:subfield><marc:subfield code="b">romance</marc:subfield><marc:subfield code="c">Mia Couto</marc:subfield></marc:datafield><marc:datafield ind1=" " ind2=" " tag="260"><marc:subfield code="a">S&#227;o Paulo</marc:subfield><marc:subfield code="b">Companhia das Letras</marc:subfield><marc:subfield code="c">2003</marc:subfield></marc:datafield><marc:datafield ind1=" " ind2=" " tag="300"><marc:subfield code="a">262 p</marc:subfield><marc:subfield code="c">21 cm</marc:subfield></marc:datafield><marc:datafield ind1=" " ind2=" " tag="590"><marc:subfield code="a">O exemplar da BBM possui dedicat&#243;ria a Jos&#233; Mindlin.</marc:subfield></marc:datafield><marc:datafield ind1=" " ind2="7" tag="650"><marc:subfield code="a">LITERATURA AFRICANA</marc:subfield><marc:subfield code="z">MO&#199;AMBIQUE</marc:subfield><marc:subfield code="2">larpcal</marc:subfield></marc:datafield><marc:datafield ind1=" " ind2="7" tag="650"><marc:subfield code="a">LITERATURA DE EXPRESS&#195;O PORTUGUESA</marc:subfield><marc:subfield code="2">larpcal</marc:subfield></marc:datafield><marc:datafield ind1=" " ind2="7" tag="650"><marc:subfield code="a">ROMANCE</marc:subfield><marc:subfield code="2">larpcal</marc:subfield></marc:datafield><marc:datafield ind1=" " ind2=" " tag="945"><marc:subfield code="a">L</marc:subfield><marc:subfield code="b">LIVRO</marc:subfield><marc:subfield code="c">01</marc:subfield></marc:datafield></marc:record>