<marc:record><marc:leader>01200cam  2200313Ia 45 0</marc:leader><marc:controlfield tag="005">$$a2005040814395</marc:controlfield><marc:controlfield tag="008">030313s2002    bl       b   s000 0 por d</marc:controlfield><marc:datafield ind1=" " ind2=" " tag="010"><marc:subfield code="a">2002370283</marc:subfield></marc:datafield><marc:datafield ind1=" " ind2=" " tag="020"><marc:subfield code="a">8575110187</marc:subfield></marc:datafield><marc:datafield ind1=" " ind2=" " tag="035"><marc:subfield code="a">(OCoLC)ocm51851381</marc:subfield></marc:datafield><marc:datafield ind1=" " ind2=" " tag="040"><marc:subfield code="a">IQU</marc:subfield><marc:subfield code="c">IQU</marc:subfield><marc:subfield code="d">DLC</marc:subfield></marc:datafield><marc:datafield ind1="0" ind2=" " tag="041"><marc:subfield code="a">por</marc:subfield></marc:datafield><marc:datafield ind1=" " ind2=" " tag="043"><marc:subfield code="a">e-po---</marc:subfield></marc:datafield><marc:datafield ind1=" " ind2=" " tag="044"><marc:subfield code="a">bl</marc:subfield></marc:datafield><marc:datafield ind1=" " ind2=" " tag="090"><marc:subfield code="a">BX4705.V55</marc:subfield><marc:subfield code="b">B43 2002</marc:subfield></marc:datafield><marc:datafield ind1="1" ind2=" " tag="100"><marc:subfield code="a">Besselaar, J. J. van den</marc:subfield><marc:subfield code="d">1916-</marc:subfield><marc:subfield code="q">(Joseph Jacobus)</marc:subfield></marc:datafield><marc:datafield ind1="1" ind2="0" tag="245"><marc:subfield code="a">Ant&#244;nio Vieira, profecia e pol&#234;mica</marc:subfield><marc:subfield code="c">Jos&#233; van den Besselaar</marc:subfield></marc:datafield><marc:datafield ind1="3" ind2="0" tag="246"><marc:subfield code="a">Profecia e pol&#234;mica</marc:subfield></marc:datafield><marc:datafield ind1=" " ind2=" " tag="260"><marc:subfield code="a">Rio de Janeiro</marc:subfield><marc:subfield code="b">EdUERJ</marc:subfield><marc:subfield code="c">2002</marc:subfield></marc:datafield><marc:datafield ind1=" " ind2=" " tag="300"><marc:subfield code="a">506 p</marc:subfield><marc:subfield code="c">23 cm.</marc:subfield></marc:datafield><marc:datafield ind1=" " ind2=" " tag="500"><marc:subfield code="a">Includes the text of Vieira\'s Esperan&#231;as de Portugal (p. 41-108), along with other texts relating to the prophetic claims of Vieira and Gon&#231;alo Anes Bandarra</marc:subfield></marc:datafield><marc:datafield ind1=" " ind2=" " tag="504"><marc:subfield code="a">Includes bibliographical references</marc:subfield></marc:datafield><marc:datafield ind1="1" ind2="7" tag="600"><marc:subfield code="a">Vieira, Antonio, Pe.</marc:subfield><marc:subfield code="d">1608-1697</marc:subfield><marc:subfield code="2">larpcal</marc:subfield></marc:datafield><marc:datafield ind1="1" ind2="0" tag="600"><marc:subfield code="a">Vieira, Ant&#243;nio</marc:subfield><marc:subfield code="d">1608-1697</marc:subfield></marc:datafield><marc:datafield ind1="0" ind2="0" tag="600"><marc:subfield code="a">John</marc:subfield><marc:subfield code="b">IV</marc:subfield><marc:subfield code="c">King of Portugal</marc:subfield><marc:subfield code="d">1604-1656</marc:subfield></marc:datafield><marc:datafield ind1="1" ind2="0" tag="600"><marc:subfield code="a">Bandarra, Gon&#231;alo Anes</marc:subfield><marc:subfield code="d">ca. 1500-ca. 1556</marc:subfield></marc:datafield><marc:datafield ind1=" " ind2="7" tag="650"><marc:subfield code="a">LITERATURA PORTUGUESA (CR&#205;TICA E INTERPRETA&#199;&#195;O)</marc:subfield><marc:subfield code="2">larpcal</marc:subfield></marc:datafield><marc:datafield ind1="1" ind2="2" tag="700"><marc:subfield code="a">Vieira, Ant&#243;nio</marc:subfield><marc:subfield code="d">1608-1697</marc:subfield><marc:subfield code="3">Esperan&#231;as de Portugal</marc:subfield></marc:datafield><marc:datafield ind1=" " ind2=" " tag="945"><marc:subfield code="a">L</marc:subfield><marc:subfield code="b">LIVRO</marc:subfield><marc:subfield code="c">01</marc:subfield></marc:datafield></marc:record>