<marc:record><marc:leader>01706nam  2200301 a 45 0</marc:leader><marc:controlfield tag="005">$$a2005041816070</marc:controlfield><marc:controlfield tag="008">050324s2004    bl       b    000 0 por c</marc:controlfield><marc:datafield ind1=" " ind2=" " tag="020"><marc:subfield code="a">8598325074</marc:subfield></marc:datafield><marc:datafield ind1=" " ind2=" " tag="035"><marc:subfield code="a">(OCoLC)ocm58677446</marc:subfield></marc:datafield><marc:datafield ind1=" " ind2=" " tag="040"><marc:subfield code="a">COO</marc:subfield><marc:subfield code="c">COO</marc:subfield></marc:datafield><marc:datafield ind1="0" ind2=" " tag="041"><marc:subfield code="a">por</marc:subfield></marc:datafield><marc:datafield ind1=" " ind2=" " tag="042"><marc:subfield code="a">pcc</marc:subfield></marc:datafield><marc:datafield ind1=" " ind2=" " tag="044"><marc:subfield code="a">bl</marc:subfield></marc:datafield><marc:datafield ind1=" " ind2="4" tag="050"><marc:subfield code="a">PQ9697.M18</marc:subfield><marc:subfield code="b">Z58 2004</marc:subfield></marc:datafield><marc:datafield ind1="0" ind2=" " tag="092"><marc:subfield code="a">869.9341</marc:subfield></marc:datafield><marc:datafield ind1="2" ind2=" " tag="111"><marc:subfield code="a">Moitar&#225;</marc:subfield><marc:subfield code="n">(15.</marc:subfield><marc:subfield code="d">2001</marc:subfield><marc:subfield code="c">Campos de Jord&#227;o)</marc:subfield></marc:datafield><marc:datafield ind1="1" ind2="2" tag="245"><marc:subfield code="a">O bruxo do Cosme Velho</marc:subfield><marc:subfield code="b">Machado de Assis no espelho</marc:subfield><marc:subfield code="c">XV Moitar&#225;; Organizadores M&#225;rcias Moura Coelho, Marcos Fleury de Oliveira</marc:subfield></marc:datafield><marc:datafield ind1=" " ind2=" " tag="260"><marc:subfield code="a">S&#227;o Paulo</marc:subfield><marc:subfield code="b">Alameda</marc:subfield><marc:subfield code="b">Sociedade Brasileira de Psicologia Anal&#237;tica</marc:subfield><marc:subfield code="c">2004</marc:subfield></marc:datafield><marc:datafield ind1=" " ind2=" " tag="300"><marc:subfield code="a">158 p</marc:subfield><marc:subfield code="c">21 cm</marc:subfield></marc:datafield><marc:datafield ind1=" " ind2=" " tag="500"><marc:subfield code="a">XV Moitar&#225;, realizado em Campos de Jord&#227;o, 2001</marc:subfield></marc:datafield><marc:datafield ind1=" " ind2=" " tag="504"><marc:subfield code="a">Includes bibliographical references.</marc:subfield></marc:datafield><marc:datafield ind1="0" ind2=" " tag="505"><marc:subfield code="a">Conte&#250;do: O portal do inferno / Fl&#225;vio Aguiar -- Machado de Assis nos anos 1870, a prepara&#231;&#227;o do romance realista / Salete de Almeida Cara -- O pensamento machadiano e a pol&#237;tica da hipocrisia / Liliano Liviano Wahba -- Dom Casmurro e o retrato do pa&#237;s / Luiz Roncari -- A marca social de um del&#237;rio / Gilberto Pinheiro Passos -- Uma experi&#234;ncia enlouquecedora : uma leitura do conto "O espelho" / Marlene Bilenky -- Machado de Assis e a m&#250;sica / Leniza Castello Branco -- O espelho, a persona e o poder / Henrique Torres -- Di&#225;logo: o criador e a criatura / Fl&#225;vio Aguiar e Aricl&#234; Perez</marc:subfield></marc:datafield><marc:datafield ind1=" " ind2=" " tag="590"><marc:subfield code="a">Na Biblioteca da FFLCH, o e. 5 pertence &#224; Cole&#231;&#227;o Antonio Candido</marc:subfield></marc:datafield><marc:datafield ind1="1" ind2="7" tag="600"><marc:subfield code="a">Assis, Machado de</marc:subfield><marc:subfield code="d">1839-1908</marc:subfield><marc:subfield code="2">larpcal</marc:subfield></marc:datafield><marc:datafield ind1=" " ind2="7" tag="650"><marc:subfield code="a">LITERATURA BRASILEIRA (CR&#205;TICA E INTERPRETA&#199;&#195;O)</marc:subfield><marc:subfield code="2">larpcal</marc:subfield></marc:datafield><marc:datafield ind1="1" ind2=" " tag="700"><marc:subfield code="a">Coelho, M&#225;rcia Moura</marc:subfield><marc:subfield code="4">org</marc:subfield></marc:datafield><marc:datafield ind1="1" ind2=" " tag="700"><marc:subfield code="a">Oliveira, Marcos Fleury de</marc:subfield><marc:subfield code="4">org</marc:subfield></marc:datafield><marc:datafield ind1=" " ind2=" " tag="945"><marc:subfield code="a">L</marc:subfield><marc:subfield code="b">LIVRO</marc:subfield><marc:subfield code="c">01</marc:subfield></marc:datafield></marc:record>