<marc:record><marc:leader>01034nam   200253Ia 45  </marc:leader><marc:controlfield tag="005">20110814030000.0</marc:controlfield><marc:controlfield tag="008">      s2004    bl            000 0 por d</marc:controlfield><marc:datafield ind1=" " ind2=" " tag="020"><marc:subfield code="a">8585910607 Contraponto</marc:subfield></marc:datafield><marc:datafield ind1=" " ind2=" " tag="020"><marc:subfield code="a">8571082723 UFRJ</marc:subfield></marc:datafield><marc:datafield ind1=" " ind2=" " tag="040"><marc:subfield code="a">USP/SIBI</marc:subfield></marc:datafield><marc:datafield ind1="0" ind2=" " tag="041"><marc:subfield code="a">por</marc:subfield></marc:datafield><marc:datafield ind1=" " ind2=" " tag="044"><marc:subfield code="a">bl</marc:subfield></marc:datafield><marc:datafield ind1="0" ind2=" " tag="092"><marc:subfield code="a">301.2</marc:subfield></marc:datafield><marc:datafield ind1="1" ind2=" " tag="100"><marc:subfield code="a">Boas, Franz</marc:subfield><marc:subfield code="d">1858-1942</marc:subfield></marc:datafield><marc:datafield ind1="1" ind2="2" tag="245"><marc:subfield code="a">A forma&#231;&#227;o da antropologia americana 1883-1911</marc:subfield><marc:subfield code="b">antologia</marc:subfield><marc:subfield code="c">Franz Boas; organiza&#231;&#227;o e introdu&#231;&#227;o de George W. Stocking Jr.; tradu&#231;&#227;o de Rosaura Maria Cirne Lima Eichenberg; revis&#227;o de Marco Ant&#244;nio Teixeira Gon&#231;alves e C&#233;sar Benjamin</marc:subfield></marc:datafield><marc:datafield ind1=" " ind2=" " tag="260"><marc:subfield code="a">Rio de Janeiro</marc:subfield><marc:subfield code="b">Contraponto</marc:subfield><marc:subfield code="c">2004</marc:subfield><marc:subfield code="b">UFRJ</marc:subfield></marc:datafield><marc:datafield ind1=" " ind2=" " tag="300"><marc:subfield code="a">423 p.</marc:subfield></marc:datafield><marc:datafield ind1=" " ind2=" " tag="500"><marc:subfield code="a">T&#237;tulo original: The shaping of american anthropology, 1883-1911: a Franz Boas reader</marc:subfield></marc:datafield><marc:datafield ind1=" " ind2="7" tag="650"><marc:subfield code="a">ANTROPOLOGIA (HIST&#211;RIA)</marc:subfield><marc:subfield code="z">AM&#201;RICA</marc:subfield><marc:subfield code="2">larpcal</marc:subfield></marc:datafield><marc:datafield ind1="1" ind2=" " tag="700"><marc:subfield code="a">Stocking Jr, George W.</marc:subfield><marc:subfield code="4">org</marc:subfield></marc:datafield><marc:datafield ind1="1" ind2=" " tag="700"><marc:subfield code="a">Eichenberg, Rosaura Maria Cirne Lima</marc:subfield><marc:subfield code="4">trad</marc:subfield></marc:datafield><marc:datafield ind1="1" ind2=" " tag="700"><marc:subfield code="a">Gon&#231;alves, Marco Ant&#244;nio Teixeira</marc:subfield><marc:subfield code="4">rev</marc:subfield></marc:datafield><marc:datafield ind1="1" ind2=" " tag="700"><marc:subfield code="a">Benjamin, C&#233;sar</marc:subfield><marc:subfield code="4">rev</marc:subfield></marc:datafield><marc:datafield ind1=" " ind2=" " tag="945"><marc:subfield code="a">L</marc:subfield><marc:subfield code="b">LIVRO</marc:subfield><marc:subfield code="c">01</marc:subfield></marc:datafield></marc:record>