<marc:record><marc:leader>00831cam  2200229I  45 0</marc:leader><marc:controlfield tag="005">$$a2005080108455</marc:controlfield><marc:controlfield tag="008">771111s1906    po a          000 0 por  </marc:controlfield><marc:datafield ind1=" " ind2=" " tag="010"><marc:subfield code="a">35022494</marc:subfield></marc:datafield><marc:datafield ind1=" " ind2=" " tag="035"><marc:subfield code="a">(OCoLC)ocm03412023</marc:subfield></marc:datafield><marc:datafield ind1=" " ind2=" " tag="040"><marc:subfield code="a">DLC</marc:subfield><marc:subfield code="c">IQU</marc:subfield><marc:subfield code="d">OCLCQ</marc:subfield></marc:datafield><marc:datafield ind1="0" ind2=" " tag="041"><marc:subfield code="a">por</marc:subfield></marc:datafield><marc:datafield ind1=" " ind2=" " tag="043"><marc:subfield code="a">e-po---</marc:subfield></marc:datafield><marc:datafield ind1=" " ind2=" " tag="044"><marc:subfield code="a">po</marc:subfield></marc:datafield><marc:datafield ind1="0" ind2=" " tag="050"><marc:subfield code="a">DP518</marc:subfield><marc:subfield code="b">.C3</marc:subfield></marc:datafield><marc:datafield ind1=" " ind2=" " tag="082"><marc:subfield code="a">914.69</marc:subfield></marc:datafield><marc:datafield ind1="1" ind2=" " tag="100"><marc:subfield code="a">Castro Os&#243;rio, Anna de</marc:subfield><marc:subfield code="d">1872-1935</marc:subfield></marc:datafield><marc:datafield ind1="1" ind2="2" tag="245"><marc:subfield code="a">A minha patria</marc:subfield><marc:subfield code="c">Illustra&#231;&#245;es de Rachel Roque Gameiro, Hebe Gon&#231;alves, Alfredo Moraes e outros</marc:subfield></marc:datafield><marc:datafield ind1=" " ind2=" " tag="260"><marc:subfield code="a">Setubal</marc:subfield><marc:subfield code="b">Livraria editora "Para as crian&#231;as</marc:subfield><marc:subfield code="c">1906</marc:subfield></marc:datafield><marc:datafield ind1=" " ind2=" " tag="300"><marc:subfield code="a">2 p. l., 396 p., 2 l</marc:subfield><marc:subfield code="b">illus</marc:subfield><marc:subfield code="c">22 cm</marc:subfield></marc:datafield><marc:datafield ind1=" " ind2=" " tag="500"><marc:subfield code="a">"Approvado, e concurso, pela Commiss&#227;o especial dos livros e pelo Conselho superior de instruc&#231;&#227;o p&#250;blica para premios escolares</marc:subfield></marc:datafield><marc:datafield ind1=" " ind2="7" tag="651"><marc:subfield code="a">PORTUGAL (DESCRI&#199;&#195;O E VIAGENS)</marc:subfield><marc:subfield code="2">larpcal</marc:subfield></marc:datafield><marc:datafield ind1=" " ind2=" " tag="945"><marc:subfield code="a">L</marc:subfield><marc:subfield code="b">LIVRO</marc:subfield><marc:subfield code="c">01</marc:subfield></marc:datafield></marc:record>