<marc:record><marc:leader>00687nam   2002534a 45  </marc:leader><marc:controlfield tag="005">20151202103000.0</marc:controlfield><marc:controlfield tag="008">050818s2005    bl            000 0 por d</marc:controlfield><marc:datafield ind1=" " ind2=" " tag="020"><marc:subfield code="a">8531408601</marc:subfield></marc:datafield><marc:datafield ind1=" " ind2=" " tag="040"><marc:subfield code="a">USP/SIBI</marc:subfield></marc:datafield><marc:datafield ind1="0" ind2=" " tag="041"><marc:subfield code="a">por</marc:subfield></marc:datafield><marc:datafield ind1=" " ind2=" " tag="044"><marc:subfield code="a">bl</marc:subfield></marc:datafield><marc:datafield ind1="0" ind2="4" tag="082"><marc:subfield code="a">304.2</marc:subfield></marc:datafield><marc:datafield ind1=" " ind2=" " tag="092"><marc:subfield code="a">304.2</marc:subfield></marc:datafield><marc:datafield ind1="0" ind2=" " tag="092"><marc:subfield code="a">711.40981</marc:subfield></marc:datafield><marc:datafield ind1="1" ind2=" " tag="100"><marc:subfield code="a">Santos, M&#237;lton</marc:subfield><marc:subfield code="d">1926-2001</marc:subfield></marc:datafield><marc:datafield ind1="1" ind2="2" tag="245"><marc:subfield code="a">A urbaniza&#231;&#227;o brasileira</marc:subfield><marc:subfield code="c">Milton Santos</marc:subfield></marc:datafield><marc:datafield ind1=" " ind2=" " tag="250"><marc:subfield code="a">5. ed.</marc:subfield></marc:datafield><marc:datafield ind1=" " ind2=" " tag="260"><marc:subfield code="a">S&#227;o Paulo</marc:subfield><marc:subfield code="b">HUCITEC</marc:subfield><marc:subfield code="c">2005</marc:subfield></marc:datafield><marc:datafield ind1=" " ind2=" " tag="300"><marc:subfield code="a">174 p</marc:subfield><marc:subfield code="c">21 cm</marc:subfield></marc:datafield><marc:datafield ind1="0" ind2=" " tag="490"><marc:subfield code="a">Cole&#231;&#227;o Milton Santos</marc:subfield><marc:subfield code="v">v. 6</marc:subfield></marc:datafield><marc:datafield ind1=" " ind2="7" tag="650"><marc:subfield code="a">URBANIZA&#199;&#195;O</marc:subfield><marc:subfield code="z">BRASIL</marc:subfield><marc:subfield code="2">larpcal</marc:subfield></marc:datafield><marc:datafield ind1=" " ind2="7" tag="650"><marc:subfield code="a">URBANIZA&#199;&#195;O (HIST&#211;RIA)</marc:subfield><marc:subfield code="z">BRASIL</marc:subfield><marc:subfield code="2">larpcal</marc:subfield></marc:datafield><marc:datafield ind1=" " ind2="7" tag="650"><marc:subfield code="a">GEOGRAFIA HUMANA</marc:subfield><marc:subfield code="2">larpcal</marc:subfield></marc:datafield><marc:datafield ind1=" " ind2=" " tag="945"><marc:subfield code="a">L</marc:subfield><marc:subfield code="b">LIVRO</marc:subfield><marc:subfield code="c">01</marc:subfield></marc:datafield></marc:record>