<marc:record><marc:leader>01016nam  2200289 a 45 0</marc:leader><marc:controlfield tag="005">$$a2005103106580</marc:controlfield><marc:controlfield tag="008">050819s2005    bl       b    001 0 por c</marc:controlfield><marc:datafield ind1=" " ind2=" " tag="020"><marc:subfield code="a">8520419526</marc:subfield></marc:datafield><marc:datafield ind1=" " ind2=" " tag="035"><marc:subfield code="a">(OCoLC)ocm61298415</marc:subfield></marc:datafield><marc:datafield ind1=" " ind2=" " tag="040"><marc:subfield code="a">LRU</marc:subfield><marc:subfield code="c">LRU</marc:subfield></marc:datafield><marc:datafield ind1="0" ind2=" " tag="041"><marc:subfield code="a">por</marc:subfield></marc:datafield><marc:datafield ind1=" " ind2=" " tag="042"><marc:subfield code="a">pcc</marc:subfield></marc:datafield><marc:datafield ind1=" " ind2=" " tag="043"><marc:subfield code="a">s-bl---</marc:subfield></marc:datafield><marc:datafield ind1=" " ind2=" " tag="044"><marc:subfield code="a">bl</marc:subfield></marc:datafield><marc:datafield ind1=" " ind2="4" tag="050"><marc:subfield code="a">UA619</marc:subfield><marc:subfield code="b">.O45 2005</marc:subfield></marc:datafield><marc:datafield ind1="1" ind2=" " tag="100"><marc:subfield code="a">Oliveira, Eli&#233;zer Rizzo de</marc:subfield></marc:datafield><marc:datafield ind1="1" ind2="0" tag="245"><marc:subfield code="a">Democracia e defesa nacional</marc:subfield><marc:subfield code="b">a cria&#231;&#227;o do Minist&#233;rio da Defesa na presid&#234;ncia de FHC</marc:subfield><marc:subfield code="c">Eli&#233;zer Rizzo de Oliveira</marc:subfield></marc:datafield><marc:datafield ind1="3" ind2="0" tag="246"><marc:subfield code="a">Cria&#231;&#227;o do Minist&#233;rio da Defesa na presid&#234;ncia de FHC</marc:subfield></marc:datafield><marc:datafield ind1=" " ind2=" " tag="260"><marc:subfield code="a">SP [S&#227;o Paulo], Brasil</marc:subfield><marc:subfield code="b">Manole</marc:subfield><marc:subfield code="c">c2005</marc:subfield></marc:datafield><marc:datafield ind1=" " ind2=" " tag="300"><marc:subfield code="a">xxxv, 566 p.</marc:subfield><marc:subfield code="c">23 cm.</marc:subfield></marc:datafield><marc:datafield ind1=" " ind2=" " tag="504"><marc:subfield code="a">Includes bibliographical references (p. [517]-548) and index</marc:subfield></marc:datafield><marc:datafield ind1="1" ind2="0" tag="600"><marc:subfield code="a">Cardoso, Fernando Henrique</marc:subfield></marc:datafield><marc:datafield ind1="1" ind2="0" tag="610"><marc:subfield code="a">Brazil.</marc:subfield><marc:subfield code="b">Minist&#233;rio da Defesa</marc:subfield></marc:datafield><marc:datafield ind1=" " ind2="0" tag="650"><marc:subfield code="a">National security</marc:subfield><marc:subfield code="z">Brazil</marc:subfield><marc:subfield code="x">History</marc:subfield><marc:subfield code="y">20th century.</marc:subfield></marc:datafield><marc:datafield ind1=" " ind2="0" tag="650"><marc:subfield code="a">Democracy</marc:subfield><marc:subfield code="z">Brazil</marc:subfield><marc:subfield code="x">History</marc:subfield><marc:subfield code="y">21st century.</marc:subfield></marc:datafield><marc:datafield ind1=" " ind2="7" tag="650"><marc:subfield code="a">FOR&#199;AS ARMADAS</marc:subfield><marc:subfield code="2">larpcal</marc:subfield></marc:datafield><marc:datafield ind1=" " ind2=" " tag="945"><marc:subfield code="a">L</marc:subfield><marc:subfield code="b">LIVRO</marc:subfield><marc:subfield code="c">01</marc:subfield></marc:datafield></marc:record>