<marc:record><marc:leader>00863nam   200253Ia 45  </marc:leader><marc:controlfield tag="005">20110814031500.0</marc:controlfield><marc:controlfield tag="008">      s2005    bl            000 0 por d</marc:controlfield><marc:datafield ind1=" " ind2=" " tag="020"><marc:subfield code="a">8521907648</marc:subfield></marc:datafield><marc:datafield ind1=" " ind2=" " tag="040"><marc:subfield code="a">USP/SIBI</marc:subfield></marc:datafield><marc:datafield ind1="0" ind2=" " tag="041"><marc:subfield code="a">por</marc:subfield></marc:datafield><marc:datafield ind1=" " ind2=" " tag="044"><marc:subfield code="a">bl</marc:subfield></marc:datafield><marc:datafield ind1="0" ind2=" " tag="092"><marc:subfield code="a">333.91620981</marc:subfield></marc:datafield><marc:datafield ind1="1" ind2=" " tag="100"><marc:subfield code="a">Coelho, Marco Antonio Tavares</marc:subfield><marc:subfield code="d">1926-</marc:subfield></marc:datafield><marc:datafield ind1="1" ind2="3" tag="245"><marc:subfield code="a">Os descaminhos do S&#227;o Francisco</marc:subfield><marc:subfield code="c">Marco Antonio Tavares Coelho ; ilustra&#231;&#245;es de Maria Helena Andr&#233;s ; coment&#225;rios de Antonio Carlos Robert Moraes, Wilson Figueiredo</marc:subfield></marc:datafield><marc:datafield ind1=" " ind2=" " tag="260"><marc:subfield code="a">S&#227;o Paulo</marc:subfield><marc:subfield code="b">Paz e Terra</marc:subfield><marc:subfield code="c">2005</marc:subfield></marc:datafield><marc:datafield ind1=" " ind2=" " tag="300"><marc:subfield code="a">272 p.</marc:subfield><marc:subfield code="b">il. fots</marc:subfield><marc:subfield code="c">23 cm</marc:subfield></marc:datafield><marc:datafield ind1=" " ind2=" " tag="500"><marc:subfield code="a">Ap&#234;ndice</marc:subfield></marc:datafield><marc:datafield ind1=" " ind2=" " tag="504"><marc:subfield code="a">Bibliografia</marc:subfield></marc:datafield><marc:datafield ind1=" " ind2="7" tag="650"><marc:subfield code="a">RECURSOS H&#205;DRICOS</marc:subfield><marc:subfield code="2">larpcal</marc:subfield></marc:datafield><marc:datafield ind1=" " ind2="7" tag="651"><marc:subfield code="a">RIO S&#195;O FRANCISCO</marc:subfield><marc:subfield code="2">larpcal</marc:subfield></marc:datafield><marc:datafield ind1="1" ind2=" " tag="700"><marc:subfield code="a">Andr&#233;s, Maria Helena</marc:subfield><marc:subfield code="4">il</marc:subfield></marc:datafield><marc:datafield ind1="1" ind2=" " tag="700"><marc:subfield code="a">Moraes, Antonio Carlos Robert</marc:subfield><marc:subfield code="4">coment</marc:subfield></marc:datafield><marc:datafield ind1="1" ind2=" " tag="700"><marc:subfield code="a">Figueiredo, Wilson</marc:subfield><marc:subfield code="4">coment</marc:subfield></marc:datafield><marc:datafield ind1=" " ind2=" " tag="945"><marc:subfield code="a">L</marc:subfield><marc:subfield code="b">LIVRO</marc:subfield><marc:subfield code="c">01</marc:subfield></marc:datafield></marc:record>