<marc:record><marc:leader>00850nam   200193Ia 45  </marc:leader><marc:controlfield tag="005">20110814031700.0</marc:controlfield><marc:controlfield tag="008">      s2005    bl            000 0 por d</marc:controlfield><marc:datafield ind1=" " ind2=" " tag="040"><marc:subfield code="a">USP/SIBI</marc:subfield></marc:datafield><marc:datafield ind1="0" ind2=" " tag="041"><marc:subfield code="a">por</marc:subfield></marc:datafield><marc:datafield ind1=" " ind2=" " tag="044"><marc:subfield code="a">bl</marc:subfield></marc:datafield><marc:datafield ind1="1" ind2=" " tag="100"><marc:subfield code="a">Moreira Neto, Carlos de Araujo</marc:subfield></marc:datafield><marc:datafield ind1="1" ind2="3" tag="245"><marc:subfield code="a">Os &#237;ndios e a ordem imperial</marc:subfield><marc:subfield code="c">Carlos de Araujo Moreira Neto</marc:subfield></marc:datafield><marc:datafield ind1=" " ind2=" " tag="260"><marc:subfield code="a">Bras&#237;lia</marc:subfield><marc:subfield code="b">Coordena&#231;&#227;o Geral de Documenta&#231;&#227;o / Funda&#231;&#227;o Nacional do &#205;ndio</marc:subfield><marc:subfield code="c">2005</marc:subfield></marc:datafield><marc:datafield ind1=" " ind2=" " tag="300"><marc:subfield code="a">429 p.</marc:subfield><marc:subfield code="e">anexos</marc:subfield></marc:datafield><marc:datafield ind1=" " ind2=" " tag="500"><marc:subfield code="a">Originalmente tese de doutorado apresentada &#224; FFLC de Rio Claro, S&#227;o Paulo com o t&#237;tulo "A polit&#237;ca indigenista brasileira durante o s&#233;culo XIX"</marc:subfield></marc:datafield><marc:datafield ind1=" " ind2="7" tag="650"><marc:subfield code="a">POL&#205;TICA INDIGENISTA</marc:subfield><marc:subfield code="y">S&#201;CULO 19</marc:subfield><marc:subfield code="z">BRASIL</marc:subfield><marc:subfield code="2">larpcal</marc:subfield></marc:datafield><marc:datafield ind1=" " ind2="7" tag="650"><marc:subfield code="a">GRUPOS IND&#205;GENAS (ASPECTOS POLITICO-S&#211;CIO-ECON&#212;MICOS)</marc:subfield><marc:subfield code="z">BRASIL</marc:subfield><marc:subfield code="2">larpcal</marc:subfield></marc:datafield><marc:datafield ind1=" " ind2="7" tag="650"><marc:subfield code="a">DIREITOS IND&#205;GENAS (LEGISLA&#199;&#195;O)</marc:subfield><marc:subfield code="z">BRASIL</marc:subfield><marc:subfield code="2">larpcal</marc:subfield></marc:datafield><marc:datafield ind1=" " ind2=" " tag="945"><marc:subfield code="a">L</marc:subfield><marc:subfield code="b">LIVRO</marc:subfield><marc:subfield code="c">01</marc:subfield></marc:datafield></marc:record>