<marc:record><marc:leader>00707nam   2002294a 45  </marc:leader><marc:controlfield tag="005">20161107164000.0</marc:controlfield><marc:controlfield tag="008">060224s2005    bl            000 0 por d</marc:controlfield><marc:datafield ind1=" " ind2=" " tag="020"><marc:subfield code="a">8574751146</marc:subfield></marc:datafield><marc:datafield ind1=" " ind2=" " tag="040"><marc:subfield code="a">USP/SIBI</marc:subfield></marc:datafield><marc:datafield ind1="0" ind2=" " tag="041"><marc:subfield code="a">por</marc:subfield></marc:datafield><marc:datafield ind1=" " ind2=" " tag="044"><marc:subfield code="a">bl</marc:subfield></marc:datafield><marc:datafield ind1="0" ind2="4" tag="082"><marc:subfield code="a">869.945</marc:subfield></marc:datafield><marc:datafield ind1="0" ind2=" " tag="092"><marc:subfield code="a">869.945</marc:subfield></marc:datafield><marc:datafield ind1="1" ind2=" " tag="100"><marc:subfield code="a">Carpeaux, Otto Maria</marc:subfield><marc:subfield code="d">1900-1978</marc:subfield></marc:datafield><marc:datafield ind1="1" ind2="0" tag="245"><marc:subfield code="a">Ensaios reunidos</marc:subfield><marc:subfield code="b">1946-1971</marc:subfield><marc:subfield code="c">Otto Maria Carpeaux ; pref&#225;cio Ivan Junqueira</marc:subfield></marc:datafield><marc:datafield ind1=" " ind2=" " tag="260"><marc:subfield code="a">Rio de Janeiro</marc:subfield><marc:subfield code="b">Topbooks</marc:subfield><marc:subfield code="b">UniverCidade</marc:subfield><marc:subfield code="c">c2005</marc:subfield></marc:datafield><marc:datafield ind1=" " ind2=" " tag="300"><marc:subfield code="a">939 p</marc:subfield></marc:datafield><marc:datafield ind1="0" ind2=" " tag="505"><marc:subfield code="a">v.2. Dispersos (Parte I), Pref&#225;cios e introdu&#231;&#245;es (Parte I)</marc:subfield></marc:datafield><marc:datafield ind1=" " ind2="7" tag="650"><marc:subfield code="a">LITERATURA BRASILEIRA</marc:subfield><marc:subfield code="2">larpcal</marc:subfield></marc:datafield><marc:datafield ind1=" " ind2="7" tag="650"><marc:subfield code="a">ENSAIO LITER&#193;RIO</marc:subfield><marc:subfield code="2">larpcal</marc:subfield></marc:datafield><marc:datafield ind1="1" ind2=" " tag="700"><marc:subfield code="a">Junqueira, Ivan</marc:subfield><marc:subfield code="4">pref</marc:subfield></marc:datafield><marc:datafield ind1=" " ind2=" " tag="945"><marc:subfield code="a">L</marc:subfield><marc:subfield code="b">LIVRO</marc:subfield><marc:subfield code="c">01</marc:subfield></marc:datafield></marc:record>