<marc:record><marc:leader>01507cam  2200361Ia 45 0</marc:leader><marc:controlfield tag="005">$$a2006031710371</marc:controlfield><marc:controlfield tag="008">001025s2000    bl a     b    000 0 por d</marc:controlfield><marc:datafield ind1=" " ind2=" " tag="010"><marc:subfield code="a">00323318</marc:subfield></marc:datafield><marc:datafield ind1=" " ind2=" " tag="020"><marc:subfield code="a">8523005668</marc:subfield></marc:datafield><marc:datafield ind1=" " ind2=" " tag="035"><marc:subfield code="a">(OCoLC)ocm45228445</marc:subfield></marc:datafield><marc:datafield ind1=" " ind2=" " tag="040"><marc:subfield code="a">LRU</marc:subfield><marc:subfield code="c">LRU</marc:subfield><marc:subfield code="d">DLC</marc:subfield><marc:subfield code="d">PL#</marc:subfield><marc:subfield code="d">OCLCQ</marc:subfield></marc:datafield><marc:datafield ind1="0" ind2=" " tag="041"><marc:subfield code="a">por</marc:subfield></marc:datafield><marc:datafield ind1=" " ind2=" " tag="043"><marc:subfield code="a">e-po---</marc:subfield><marc:subfield code="a">s-bl---</marc:subfield></marc:datafield><marc:datafield ind1=" " ind2=" " tag="044"><marc:subfield code="a">bl</marc:subfield></marc:datafield><marc:datafield ind1=" " ind2="4" tag="050"><marc:subfield code="a">BX1730</marc:subfield><marc:subfield code="b">.P53 2000</marc:subfield></marc:datafield><marc:datafield ind1="0" ind2=" " tag="092"><marc:subfield code="a">981.03</marc:subfield></marc:datafield><marc:datafield ind1="1" ind2=" " tag="100"><marc:subfield code="a">Pieroni, Geraldo</marc:subfield></marc:datafield><marc:datafield ind1="1" ind2="3" tag="245"><marc:subfield code="a">Os exclu&#237;dos do reino</marc:subfield><marc:subfield code="b">a Inquisi&#231;&#227;o portuguesa e o degredo para o Brasil col&#244;nia</marc:subfield><marc:subfield code="c">Geraldo Pieroni</marc:subfield></marc:datafield><marc:datafield ind1=" " ind2=" " tag="260"><marc:subfield code="a">Bras&#237;lia, DF</marc:subfield><marc:subfield code="b">Editora Universidade de Bras&#237;lia</marc:subfield><marc:subfield code="c">c2000</marc:subfield><marc:subfield code="a">S&#227;o Paulo, SP</marc:subfield><marc:subfield code="b">Imprensa Oficial do Estado</marc:subfield></marc:datafield><marc:datafield ind1=" " ind2=" " tag="300"><marc:subfield code="a">308 p.</marc:subfield><marc:subfield code="b">ill.</marc:subfield><marc:subfield code="c">26 cm</marc:subfield></marc:datafield><marc:datafield ind1=" " ind2=" " tag="500"><marc:subfield code="a">Based on the author\'s thesis (doctoral)--Universidade de Paris-Sorbonne, which was presented under title: Les exclus du royaume : l\'Inquisition portugaise et le bannissement vers le Br&#233;sil au XVIIe si&#232;cle</marc:subfield></marc:datafield><marc:datafield ind1=" " ind2=" " tag="504"><marc:subfield code="a">Includes bibliographical references (p. [297]-308)</marc:subfield></marc:datafield><marc:datafield ind1=" " ind2="0" tag="650"><marc:subfield code="a">Inquisition</marc:subfield><marc:subfield code="z">Portugal</marc:subfield><marc:subfield code="x">History</marc:subfield><marc:subfield code="y">17th century</marc:subfield></marc:datafield><marc:datafield ind1=" " ind2="0" tag="650"><marc:subfield code="a">Inquisition</marc:subfield><marc:subfield code="z">Brazil</marc:subfield><marc:subfield code="x">History</marc:subfield><marc:subfield code="y">17th century</marc:subfield></marc:datafield><marc:datafield ind1=" " ind2="0" tag="650"><marc:subfield code="a">Exile (Punishment)</marc:subfield><marc:subfield code="z">Portugal</marc:subfield><marc:subfield code="x">History</marc:subfield><marc:subfield code="y">17th century</marc:subfield></marc:datafield><marc:datafield ind1=" " ind2="7" tag="650"><marc:subfield code="a">HIST&#211;RIA DO BRASIL</marc:subfield><marc:subfield code="2">larpcal</marc:subfield></marc:datafield><marc:datafield ind1=" " ind2="7" tag="650"><marc:subfield code="a">PER&#205;ODO COLONIAL (1500-1822)</marc:subfield><marc:subfield code="2">larpcal</marc:subfield></marc:datafield><marc:datafield ind1=" " ind2="7" tag="650"><marc:subfield code="a">HIST&#211;RIA DE PORTUGAL</marc:subfield><marc:subfield code="2">larpcal</marc:subfield></marc:datafield><marc:datafield ind1=" " ind2="7" tag="650"><marc:subfield code="a">INQUISI&#199;&#195;O (HIST&#211;RIA)</marc:subfield><marc:subfield code="z">PORTUGAL</marc:subfield><marc:subfield code="2">larpcal</marc:subfield></marc:datafield><marc:datafield ind1=" " ind2=" " tag="653"><marc:subfield code="a">Iglesia Cat&#243;lica</marc:subfield><marc:subfield code="a">Historia</marc:subfield></marc:datafield><marc:datafield ind1=" " ind2=" " tag="653"><marc:subfield code="a">Brasil</marc:subfield><marc:subfield code="a">Historia</marc:subfield></marc:datafield><marc:datafield ind1=" " ind2=" " tag="653"><marc:subfield code="a">Inquisici&#243;n</marc:subfield><marc:subfield code="a">Brasil</marc:subfield><marc:subfield code="a">Historia</marc:subfield></marc:datafield><marc:datafield ind1=" " ind2=" " tag="945"><marc:subfield code="a">L</marc:subfield><marc:subfield code="b">LIVRO</marc:subfield><marc:subfield code="c">01</marc:subfield></marc:datafield></marc:record>