<marc:record><marc:leader>00981nam   200241Ia 45  </marc:leader><marc:controlfield tag="005">20200210103500.0</marc:controlfield><marc:controlfield tag="008">060425s2005    bl            000 0 por d</marc:controlfield><marc:datafield ind1=" " ind2=" " tag="020"><marc:subfield code="a">857480312X</marc:subfield></marc:datafield><marc:datafield ind1=" " ind2=" " tag="040"><marc:subfield code="a">USP/SIBI</marc:subfield></marc:datafield><marc:datafield ind1="0" ind2=" " tag="041"><marc:subfield code="a">por</marc:subfield></marc:datafield><marc:datafield ind1=" " ind2=" " tag="044"><marc:subfield code="a">bl</marc:subfield></marc:datafield><marc:datafield ind1="0" ind2=" " tag="092"><marc:subfield code="a">869.91130</marc:subfield></marc:datafield><marc:datafield ind1="1" ind2=" " tag="100"><marc:subfield code="a">Oliveira, Manuel Botelho de</marc:subfield><marc:subfield code="d">1636-1711</marc:subfield></marc:datafield><marc:datafield ind1="1" ind2="0" tag="245"><marc:subfield code="a">M&#250;sica do parnaso</marc:subfield><marc:subfield code="b">edi&#231;&#227;o fac-similar (1705-2005)</marc:subfield><marc:subfield code="c">Manuel Botelho de Oliveira</marc:subfield></marc:datafield><marc:datafield ind1=" " ind2=" " tag="260"><marc:subfield code="a">Cotia</marc:subfield><marc:subfield code="b">Ateli&#234; Editorial</marc:subfield><marc:subfield code="c">2005</marc:subfield></marc:datafield><marc:datafield ind1=" " ind2=" " tag="300"><marc:subfield code="a">423 p</marc:subfield></marc:datafield><marc:datafield ind1=" " ind2=" " tag="500"><marc:subfield code="a">Fac-s&#237;mile da obra publicada em 1705, dividida em quatro coros de rimas portuguesas, castelhanas, italianas &amp; latinas, publicadas na Officina de Miguel Manescal</marc:subfield></marc:datafield><marc:datafield ind1="8" ind2=" " tag="505"><marc:subfield code="a">A poesia aguda do engenhoso fidalgo Manuel Botelho de Olibeira/ Ivan Teixeira</marc:subfield></marc:datafield><marc:datafield ind1=" " ind2=" " tag="590"><marc:subfield code="a">O exemplar da BBM possui anexo, ver dossi&#234; n.1607</marc:subfield></marc:datafield><marc:datafield ind1=" " ind2="7" tag="650"><marc:subfield code="a">POESIA</marc:subfield><marc:subfield code="y">S&#201;CULO 17</marc:subfield><marc:subfield code="z">BRASIL</marc:subfield><marc:subfield code="2">larpcal</marc:subfield></marc:datafield><marc:datafield ind1="1" ind2=" " tag="700"><marc:subfield code="a">Teixeira, Ivan</marc:subfield><marc:subfield code="4">org</marc:subfield></marc:datafield><marc:datafield ind1="2" ind2="2" tag="740"><marc:subfield code="a">A poesia aguda do engenhoso fidalgo Manuel Botelho de Oliveira</marc:subfield></marc:datafield><marc:datafield ind1=" " ind2=" " tag="945"><marc:subfield code="a">L</marc:subfield><marc:subfield code="b">LIVRO</marc:subfield><marc:subfield code="c">01</marc:subfield></marc:datafield></marc:record>