<marc:record><marc:leader>00974nam   200241Ia 45  </marc:leader><marc:controlfield tag="005">20170728111600.0</marc:controlfield><marc:controlfield tag="008">060807s1983    bl            000 0 por d</marc:controlfield><marc:datafield ind1=" " ind2=" " tag="040"><marc:subfield code="a">USP/SIBI</marc:subfield></marc:datafield><marc:datafield ind1="0" ind2=" " tag="041"><marc:subfield code="a">por</marc:subfield></marc:datafield><marc:datafield ind1=" " ind2=" " tag="044"><marc:subfield code="a">bl</marc:subfield></marc:datafield><marc:datafield ind1="0" ind2=" " tag="092"><marc:subfield code="a">869.91</marc:subfield></marc:datafield><marc:datafield ind1="1" ind2=" " tag="100"><marc:subfield code="a">Andrade, Carlos Drummond de</marc:subfield><marc:subfield code="d">1902-1987</marc:subfield></marc:datafield><marc:datafield ind1="1" ind2="0" tag="245"><marc:subfield code="a">Nova reuni&#227;o</marc:subfield><marc:subfield code="b">19 livros de poesia</marc:subfield><marc:subfield code="c">Carlos Drummond de Andrade</marc:subfield></marc:datafield><marc:datafield ind1=" " ind2=" " tag="260"><marc:subfield code="a">Rio de Janeiro</marc:subfield><marc:subfield code="a">Bras&#237;lia</marc:subfield><marc:subfield code="b">Jos&#233; Olympio</marc:subfield><marc:subfield code="b">Instituto Nacional do Livro</marc:subfield><marc:subfield code="c">1983</marc:subfield></marc:datafield><marc:datafield ind1=" " ind2=" " tag="300"><marc:subfield code="a">2v</marc:subfield><marc:subfield code="c">21,5 cm</marc:subfield></marc:datafield><marc:datafield ind1=" " ind2=" " tag="504"><marc:subfield code="a">Bibliografia</marc:subfield></marc:datafield><marc:datafield ind1=" " ind2=" " tag="590"><marc:subfield code="a">Na Biblioteca da FFLCH, o v. 1-2 e. 2 pertence &#224; Cole&#231;&#227;o Antonio Candido</marc:subfield></marc:datafield><marc:datafield ind1=" " ind2=" " tag="590"><marc:subfield code="a">No exemplar da BBM, h&#225; uma dedicat&#243;ria de Carlos Drummond de Andrade a Guita e Jos&#233; Mindlin</marc:subfield></marc:datafield><marc:datafield ind1=" " ind2=" " tag="590"><marc:subfield code="a">O exemplar da Cole&#231;&#227;o Carlos Alberto Passos cont&#233;m dedicat&#243;ria (Biblioteca do IEB)</marc:subfield></marc:datafield><marc:datafield ind1=" " ind2="7" tag="650"><marc:subfield code="a">LITERATURA BRASILEIRA</marc:subfield><marc:subfield code="2">larpcal</marc:subfield></marc:datafield><marc:datafield ind1=" " ind2="7" tag="650"><marc:subfield code="a">POESIA</marc:subfield><marc:subfield code="2">larpcal</marc:subfield></marc:datafield><marc:datafield ind1="1" ind2=" " tag="710"><marc:subfield code="a">Instituto Nacional do Livro - Minist&#233;rio da Educa&#231;&#227;o e Cultura</marc:subfield></marc:datafield><marc:datafield ind1=" " ind2=" " tag="945"><marc:subfield code="a">L</marc:subfield><marc:subfield code="b">LIVRO</marc:subfield><marc:subfield code="c">01</marc:subfield></marc:datafield></marc:record>