<marc:record><marc:leader>01188cam  2200373 a 45 0</marc:leader><marc:controlfield tag="005">$$a2006081610203</marc:controlfield><marc:controlfield tag="008">050324s2003    bl a     b    000 0dpor c</marc:controlfield><marc:datafield ind1=" " ind2=" " tag="010"><marc:subfield code="a">2005344168</marc:subfield></marc:datafield><marc:datafield ind1=" " ind2=" " tag="020"><marc:subfield code="a">8532515908 (v. 1)</marc:subfield></marc:datafield><marc:datafield ind1=" " ind2=" " tag="020"><marc:subfield code="a">8532515916 (v. 2)</marc:subfield></marc:datafield><marc:datafield ind1=" " ind2=" " tag="035"><marc:subfield code="a">(OCoLC)ocm58840290</marc:subfield></marc:datafield><marc:datafield ind1=" " ind2=" " tag="040"><marc:subfield code="a">CSt</marc:subfield><marc:subfield code="c">STF</marc:subfield><marc:subfield code="d">DLC</marc:subfield><marc:subfield code="d">IXA</marc:subfield><marc:subfield code="d">LRU</marc:subfield></marc:datafield><marc:datafield ind1="0" ind2=" " tag="041"><marc:subfield code="a">por</marc:subfield></marc:datafield><marc:datafield ind1=" " ind2=" " tag="042"><marc:subfield code="a">pcc</marc:subfield></marc:datafield><marc:datafield ind1=" " ind2=" " tag="044"><marc:subfield code="a">bl</marc:subfield></marc:datafield><marc:datafield ind1=" " ind2="4" tag="050"><marc:subfield code="a">PQ9698.3.O67</marc:subfield><marc:subfield code="b">A6 2003</marc:subfield></marc:datafield><marc:datafield ind1="0" ind2=" " tag="092"><marc:subfield code="a">869.91</marc:subfield></marc:datafield><marc:datafield ind1="0" ind2=" " tag="100"><marc:subfield code="a">Torquato Neto,</marc:subfield><marc:subfield code="d">1944-1972.</marc:subfield></marc:datafield><marc:datafield ind1="1" ind2="0" tag="245"><marc:subfield code="a">Torquat&#225;lia</marc:subfield><marc:subfield code="c">Torquato Neto ; [organiza&#231;&#227;o, Paulo Roberto Pires]</marc:subfield></marc:datafield><marc:datafield ind1=" " ind2=" " tag="260"><marc:subfield code="a">Rio de Janeiro</marc:subfield><marc:subfield code="b">Rocco</marc:subfield><marc:subfield code="c">c2003</marc:subfield></marc:datafield><marc:datafield ind1=" " ind2=" " tag="300"><marc:subfield code="a">2 v.</marc:subfield><marc:subfield code="b">ill.</marc:subfield><marc:subfield code="c">23 cm</marc:subfield></marc:datafield><marc:datafield ind1=" " ind2=" " tag="504"><marc:subfield code="a">Includes bibliographical references</marc:subfield></marc:datafield><marc:datafield ind1="0" ind2=" " tag="505"><marc:subfield code="a">v. 1. Do lado de dentro -- v. 2. Gel&#233;ia geral</marc:subfield></marc:datafield><marc:datafield ind1="0" ind2="0" tag="600"><marc:subfield code="a">Torquato Neto</marc:subfield><marc:subfield code="d">1944-1972</marc:subfield></marc:datafield><marc:datafield ind1=" " ind2="7" tag="650"><marc:subfield code="a">TROPICALISMO</marc:subfield><marc:subfield code="2">larpcal</marc:subfield></marc:datafield><marc:datafield ind1=" " ind2="7" tag="650"><marc:subfield code="a">CR&#212;NICA JORNAL&#205;STICA</marc:subfield><marc:subfield code="2">larpcal</marc:subfield></marc:datafield><marc:datafield ind1=" " ind2="7" tag="650"><marc:subfield code="a">LITERATURA BRASILEIRA</marc:subfield><marc:subfield code="2">larpcal</marc:subfield></marc:datafield><marc:datafield ind1=" " ind2="7" tag="650"><marc:subfield code="a">POLIGRAFIA</marc:subfield><marc:subfield code="2">larpcal</marc:subfield></marc:datafield><marc:datafield ind1="1" ind2=" " tag="700"><marc:subfield code="a">Pires, Paulo Roberto</marc:subfield><marc:subfield code="d">1967-</marc:subfield><marc:subfield code="4">org</marc:subfield></marc:datafield><marc:datafield ind1="0" ind2="2" tag="700"><marc:subfield code="a">Torquato Neto</marc:subfield><marc:subfield code="d">1944-1972</marc:subfield><marc:subfield code="3">Do lado de dentro</marc:subfield></marc:datafield><marc:datafield ind1="0" ind2="2" tag="700"><marc:subfield code="a">Torquato Neto</marc:subfield><marc:subfield code="d">1944-1972</marc:subfield><marc:subfield code="3">Gel&#233;ia geral</marc:subfield></marc:datafield><marc:datafield ind1="0" ind2="2" tag="740"><marc:subfield code="a">Do lado de dentro.</marc:subfield></marc:datafield><marc:datafield ind1="0" ind2="2" tag="740"><marc:subfield code="a">Gel&#233;ia geral.</marc:subfield></marc:datafield><marc:datafield ind1=" " ind2=" " tag="945"><marc:subfield code="a">L</marc:subfield><marc:subfield code="b">LIVRO</marc:subfield><marc:subfield code="c">01</marc:subfield></marc:datafield></marc:record>