<marc:record><marc:leader>01268nam   200253Ia 45  </marc:leader><marc:controlfield tag="005">20140318143800.0</marc:controlfield><marc:controlfield tag="008">061114s1992    bl            000 0 por d</marc:controlfield><marc:datafield ind1=" " ind2=" " tag="040"><marc:subfield code="a">USP/SIBI</marc:subfield></marc:datafield><marc:datafield ind1="0" ind2=" " tag="041"><marc:subfield code="a">por</marc:subfield></marc:datafield><marc:datafield ind1=" " ind2=" " tag="044"><marc:subfield code="a">bl</marc:subfield></marc:datafield><marc:datafield ind1="0" ind2=" " tag="092"><marc:subfield code="a">809.89</marc:subfield></marc:datafield><marc:datafield ind1="2" ind2=" " tag="111"><marc:subfield code="a">Semin&#225;rio Nacional Mulher &amp; Literatura</marc:subfield><marc:subfield code="n">(4.</marc:subfield><marc:subfield code="d">1991</marc:subfield><marc:subfield code="c">Niter&#243;i, RJ)</marc:subfield></marc:datafield><marc:datafield ind1="1" ind2="0" tag="245"><marc:subfield code="a">Anais do IV Semin&#225;rio Nacional Mulher e Literatura</marc:subfield><marc:subfield code="c">organiza&#231;&#227;o L&#250;cia Helena Vianna ; capa Lena Bergstein ; Associa&#231;&#227;o Brasileira de Literatura Comparada, Coordena&#231;&#227;o de P&#243;s-Gradua&#231;&#227;o em Letras da UFF, Centro Interdisciplinar de Estudos Contempor&#226;neos da UFRJ</marc:subfield></marc:datafield><marc:datafield ind1=" " ind2=" " tag="260"><marc:subfield code="a">Niter&#243;i</marc:subfield><marc:subfield code="b">Associa&#231;&#227;o Brasileira de Literatura Comparada</marc:subfield><marc:subfield code="c">1992</marc:subfield></marc:datafield><marc:datafield ind1=" " ind2=" " tag="300"><marc:subfield code="a">272 p.</marc:subfield><marc:subfield code="b">il</marc:subfield><marc:subfield code="c">21 cm</marc:subfield></marc:datafield><marc:datafield ind1=" " ind2=" " tag="500"><marc:subfield code="a">Semin&#225;rio realizado em Niter&#243;i e Rio de Janeiro, de 26 a 28 de agosto de 1991</marc:subfield></marc:datafield><marc:datafield ind1=" " ind2="7" tag="650"><marc:subfield code="a">MULHERES (SEMIN&#193;RIOS)</marc:subfield><marc:subfield code="2">larpcal</marc:subfield></marc:datafield><marc:datafield ind1=" " ind2="7" tag="650"><marc:subfield code="a">CR&#205;TICA LITER&#193;RIA (SEMIN&#193;RIOS)</marc:subfield><marc:subfield code="2">larpcal</marc:subfield></marc:datafield><marc:datafield ind1=" " ind2="7" tag="650"><marc:subfield code="a">LITERATURA (SEMIN&#193;RIOS)</marc:subfield><marc:subfield code="2">larpcal</marc:subfield></marc:datafield><marc:datafield ind1="1" ind2=" " tag="700"><marc:subfield code="a">Vianna, L&#250;cia Helena</marc:subfield><marc:subfield code="4">org</marc:subfield></marc:datafield><marc:datafield ind1="2" ind2=" " tag="710"><marc:subfield code="a">Associa&#231;&#227;o Brasileira de Literatura Comparada</marc:subfield></marc:datafield><marc:datafield ind1="2" ind2=" " tag="710"><marc:subfield code="a">Universidade Federal Fluminense</marc:subfield><marc:subfield code="b">Coordena&#231;&#227;o de P&#243;s-gradua&#231;&#227;o em Letras</marc:subfield></marc:datafield><marc:datafield ind1="2" ind2=" " tag="710"><marc:subfield code="a">Universidade Federal do Rio de Janeiro</marc:subfield><marc:subfield code="b">Centro Interdisciplinar de Estudos Contempor&#226;neos</marc:subfield></marc:datafield><marc:datafield ind1=" " ind2=" " tag="945"><marc:subfield code="a">L</marc:subfield><marc:subfield code="b">LIVRO</marc:subfield><marc:subfield code="c">01</marc:subfield></marc:datafield></marc:record>