<marc:record><marc:leader>00979cam  2200265Ia 4500</marc:leader><marc:controlfield tag="005">$$a2007050709573</marc:controlfield><marc:controlfield tag="008">060509s2005    bl ac    b    001 0bpor d</marc:controlfield><marc:datafield ind1=" " ind2=" " tag="020"><marc:subfield code="a">8525041165</marc:subfield></marc:datafield><marc:datafield ind1=" " ind2=" " tag="020"><marc:subfield code="a">9788525041166</marc:subfield></marc:datafield><marc:datafield ind1=" " ind2=" " tag="035"><marc:subfield code="a">(OCoLC)ocm70140208</marc:subfield><marc:subfield code="z">(OCoLC)70140208</marc:subfield></marc:datafield><marc:datafield ind1=" " ind2=" " tag="040"><marc:subfield code="a">MNU</marc:subfield><marc:subfield code="c">MNU</marc:subfield><marc:subfield code="d">IXA</marc:subfield></marc:datafield><marc:datafield ind1="0" ind2=" " tag="041"><marc:subfield code="a">por</marc:subfield></marc:datafield><marc:datafield ind1=" " ind2=" " tag="044"><marc:subfield code="a">bl</marc:subfield></marc:datafield><marc:datafield ind1=" " ind2="4" tag="050"><marc:subfield code="a">PQ9697.A53</marc:subfield><marc:subfield code="b">Z79 2006</marc:subfield></marc:datafield><marc:datafield ind1=" " ind2=" " tag="092"><marc:subfield code="a">869.9334</marc:subfield></marc:datafield><marc:datafield ind1="1" ind2=" " tag="100"><marc:subfield code="a">Neto, Lira</marc:subfield></marc:datafield><marc:datafield ind1="1" ind2="2" tag="245"><marc:subfield code="a">O inimigo do rei</marc:subfield><marc:subfield code="b">uma biografia de Jos&#233; de Alencar, ou, a mirabolante aventura de um romancista que colecionava desafeto, azucrinava d. Pedro II e acabou inventando o Brasil</marc:subfield><marc:subfield code="c">Lira Neto</marc:subfield></marc:datafield><marc:datafield ind1=" " ind2=" " tag="260"><marc:subfield code="a">S&#227;o Paulo</marc:subfield><marc:subfield code="b">Editora GLOBO</marc:subfield><marc:subfield code="c">2006</marc:subfield></marc:datafield><marc:datafield ind1=" " ind2=" " tag="300"><marc:subfield code="a">431 p</marc:subfield><marc:subfield code="b">il</marc:subfield><marc:subfield code="c">21 cm</marc:subfield></marc:datafield><marc:datafield ind1="1" ind2="0" tag="600"><marc:subfield code="a">Alencar, Jos&#233; Martiniano de</marc:subfield><marc:subfield code="d">1829-1877</marc:subfield></marc:datafield><marc:datafield ind1=" " ind2="0" tag="650"><marc:subfield code="a">Novelists, Brazilian</marc:subfield><marc:subfield code="y">19th century</marc:subfield><marc:subfield code="x">Biography</marc:subfield></marc:datafield><marc:datafield ind1=" " ind2="7" tag="650"><marc:subfield code="a">LITERATURA BRASILEIRA (CR&#205;TICA E INTERPRETA&#199;&#195;O)</marc:subfield><marc:subfield code="2">larpcal</marc:subfield></marc:datafield><marc:datafield ind1=" " ind2="7" tag="650"><marc:subfield code="a">HIST&#211;RIA DO BRASIL</marc:subfield><marc:subfield code="2">larpcal</marc:subfield></marc:datafield><marc:datafield ind1=" " ind2="7" tag="650"><marc:subfield code="a">SEGUNDO REINADO (1840-1889)</marc:subfield><marc:subfield code="2">larpcal</marc:subfield></marc:datafield><marc:datafield ind1=" " ind2=" " tag="945"><marc:subfield code="a">L</marc:subfield><marc:subfield code="b">LIVRO</marc:subfield><marc:subfield code="c">01</marc:subfield></marc:datafield></marc:record>