<marc:record><marc:leader>00622nam   200229Ia 45  </marc:leader><marc:controlfield tag="005">20110814040500.0</marc:controlfield><marc:controlfield tag="008">      s2005    bl            000 0 por d</marc:controlfield><marc:datafield ind1=" " ind2=" " tag="020"><marc:subfield code="a">8515029715</marc:subfield></marc:datafield><marc:datafield ind1=" " ind2=" " tag="040"><marc:subfield code="a">USP/SIBI</marc:subfield></marc:datafield><marc:datafield ind1="0" ind2=" " tag="041"><marc:subfield code="a">por</marc:subfield></marc:datafield><marc:datafield ind1=" " ind2=" " tag="044"><marc:subfield code="a">bl</marc:subfield></marc:datafield><marc:datafield ind1="0" ind2="1" tag="098"><marc:subfield code="a">327.2</marc:subfield></marc:datafield><marc:datafield ind1="1" ind2=" " tag="100"><marc:subfield code="a">Harvey, David</marc:subfield></marc:datafield><marc:datafield ind1="1" ind2="2" tag="245"><marc:subfield code="a">O novo imperialismo</marc:subfield><marc:subfield code="c">David Harvey; tradu&#231;&#227;o Adail Sobral, Maria Stela Gon&#231;alves</marc:subfield></marc:datafield><marc:datafield ind1=" " ind2=" " tag="250"><marc:subfield code="a">2. ed.</marc:subfield></marc:datafield><marc:datafield ind1=" " ind2=" " tag="260"><marc:subfield code="a">S&#227;o Paulo</marc:subfield><marc:subfield code="b">Loyola</marc:subfield><marc:subfield code="c">2005</marc:subfield></marc:datafield><marc:datafield ind1=" " ind2=" " tag="300"><marc:subfield code="a">201 p</marc:subfield></marc:datafield><marc:datafield ind1=" " ind2="7" tag="650"><marc:subfield code="a">IMPERIALISMO</marc:subfield><marc:subfield code="2">larpcal</marc:subfield></marc:datafield><marc:datafield ind1=" " ind2="7" tag="650"><marc:subfield code="a">CAPITALISMO</marc:subfield><marc:subfield code="2">larpcal</marc:subfield></marc:datafield><marc:datafield ind1="1" ind2=" " tag="700"><marc:subfield code="a">Sobral, Adail</marc:subfield><marc:subfield code="4">trad</marc:subfield></marc:datafield><marc:datafield ind1="1" ind2=" " tag="700"><marc:subfield code="a">Gon&#231;alves, Maria Stela</marc:subfield><marc:subfield code="4">trad</marc:subfield></marc:datafield><marc:datafield ind1=" " ind2=" " tag="945"><marc:subfield code="a">L</marc:subfield><marc:subfield code="b">LIVRO</marc:subfield><marc:subfield code="c">01</marc:subfield></marc:datafield></marc:record>