<marc:record><marc:leader>00920nam  2200253I  4500</marc:leader><marc:controlfield tag="005">$$a2007062012502</marc:controlfield><marc:controlfield tag="008">860131s1956    bl c          000 1 por d</marc:controlfield><marc:datafield ind1=" " ind2=" " tag="035"><marc:subfield code="a">(OCoLC)ocm13090425</marc:subfield><marc:subfield code="z">(OCoLC)13090425</marc:subfield></marc:datafield><marc:datafield ind1=" " ind2=" " tag="040"><marc:subfield code="a">RCE</marc:subfield><marc:subfield code="c">RCE</marc:subfield></marc:datafield><marc:datafield ind1="0" ind2=" " tag="041"><marc:subfield code="a">por</marc:subfield></marc:datafield><marc:datafield ind1=" " ind2=" " tag="044"><marc:subfield code="a">bl</marc:subfield></marc:datafield><marc:datafield ind1=" " ind2=" " tag="090"><marc:subfield code="a">PQ9697.L544</marc:subfield><marc:subfield code="b">R4 1956</marc:subfield></marc:datafield><marc:datafield ind1="0" ind2=" " tag="092"><marc:subfield code="a">869.9349</marc:subfield></marc:datafield><marc:datafield ind1="1" ind2=" " tag="100"><marc:subfield code="a">Lima Barreto</marc:subfield><marc:subfield code="d">1881-1922</marc:subfield></marc:datafield><marc:datafield ind1="1" ind2="0" tag="245"><marc:subfield code="a">Recorda&#231;&#245;es do escriv&#227;o Isa&#237;as Caminha</marc:subfield><marc:subfield code="b">romance</marc:subfield><marc:subfield code="c">Barreto Lima ; pref. de Francisco de Assis Barbosa</marc:subfield></marc:datafield><marc:datafield ind1=" " ind2=" " tag="260"><marc:subfield code="a">S&#227;o Paulo</marc:subfield><marc:subfield code="b">Brasiliense</marc:subfield><marc:subfield code="c">1956</marc:subfield></marc:datafield><marc:datafield ind1=" " ind2=" " tag="300"><marc:subfield code="a">313 p</marc:subfield><marc:subfield code="b">port</marc:subfield><marc:subfield code="c">22 cm</marc:subfield></marc:datafield><marc:datafield ind1="0" ind2=" " tag="490"><marc:subfield code="a">Obras de Lima Barreto</marc:subfield><marc:subfield code="v">v. 1</marc:subfield></marc:datafield><marc:datafield ind1=" " ind2=" " tag="590"><marc:subfield code="a">Na Biblioteca da FFLCH, o AR B273or 1956 OBRA ESP. pertence &#224; Cole&#231;&#227;o Anatol Rosenfeld</marc:subfield></marc:datafield><marc:datafield ind1=" " ind2=" " tag="590"><marc:subfield code="a">Na Biblioteca da FFLCH, e. 1 pertence &#224; Cole&#231;&#227;o Lucila Bernadet</marc:subfield></marc:datafield><marc:datafield ind1=" " ind2="7" tag="650"><marc:subfield code="a">ROMANCE</marc:subfield><marc:subfield code="2">larpcal</marc:subfield></marc:datafield><marc:datafield ind1=" " ind2="7" tag="650"><marc:subfield code="a">LITERATURA BRASILEIRA</marc:subfield><marc:subfield code="2">larpcal</marc:subfield></marc:datafield><marc:datafield ind1="1" ind2=" " tag="700"><marc:subfield code="a">Barbosa, Francisco de Asssis</marc:subfield><marc:subfield code="4">pref</marc:subfield></marc:datafield><marc:datafield ind1=" " ind2=" " tag="945"><marc:subfield code="a">L</marc:subfield><marc:subfield code="b">LIVRO</marc:subfield><marc:subfield code="c">01</marc:subfield></marc:datafield></marc:record>