<marc:record><marc:leader>00916cam  2200265Ia 4500</marc:leader><marc:controlfield tag="005">$$a2007071013530</marc:controlfield><marc:controlfield tag="008">070427s2006    bl a     b    000 0 por d</marc:controlfield><marc:datafield ind1=" " ind2=" " tag="020"><marc:subfield code="a">8575773453</marc:subfield></marc:datafield><marc:datafield ind1=" " ind2=" " tag="020"><marc:subfield code="a">9788575773451</marc:subfield></marc:datafield><marc:datafield ind1=" " ind2=" " tag="035"><marc:subfield code="a">(OCoLC)ocn123757772</marc:subfield><marc:subfield code="z">(OCoLC)123757772</marc:subfield></marc:datafield><marc:datafield ind1=" " ind2=" " tag="040"><marc:subfield code="a">AZU</marc:subfield><marc:subfield code="c">AZU</marc:subfield><marc:subfield code="d">IQU</marc:subfield><marc:subfield code="d">PL#</marc:subfield></marc:datafield><marc:datafield ind1="0" ind2=" " tag="041"><marc:subfield code="a">por</marc:subfield></marc:datafield><marc:datafield ind1=" " ind2=" " tag="043"><marc:subfield code="a">s-bl---</marc:subfield></marc:datafield><marc:datafield ind1=" " ind2=" " tag="044"><marc:subfield code="a">bl</marc:subfield></marc:datafield><marc:datafield ind1=" " ind2=" " tag="090"><marc:subfield code="a">PQ9697.A647</marc:subfield><marc:subfield code="b">V44 2006</marc:subfield></marc:datafield><marc:datafield ind1="0" ind2=" " tag="092"><marc:subfield code="a">869.935</marc:subfield></marc:datafield><marc:datafield ind1="1" ind2=" " tag="100"><marc:subfield code="a">Veiga, Benedito</marc:subfield></marc:datafield><marc:datafield ind1="1" ind2="0" tag="245"><marc:subfield code="a">Dona Flor da Cidade da Bah&#237;a</marc:subfield><marc:subfield code="b">ensaios sobre a mem&#243;ria da vida cultural baiana</marc:subfield><marc:subfield code="c">Benedito Veiga</marc:subfield></marc:datafield><marc:datafield ind1=" " ind2=" " tag="260"><marc:subfield code="a">Rio de Janeiro</marc:subfield><marc:subfield code="b">7Letras</marc:subfield><marc:subfield code="c">2006</marc:subfield><marc:subfield code="a">Salvador, BA</marc:subfield><marc:subfield code="b">Casa de Palavras</marc:subfield></marc:datafield><marc:datafield ind1=" " ind2=" " tag="300"><marc:subfield code="a">331 p</marc:subfield><marc:subfield code="b">1 col. ill</marc:subfield><marc:subfield code="c">21 cm</marc:subfield></marc:datafield><marc:datafield ind1=" " ind2=" " tag="504"><marc:subfield code="a">Includes bibliographical references</marc:subfield></marc:datafield><marc:datafield ind1="1" ind2="0" tag="600"><marc:subfield code="a">Amado, Jorge</marc:subfield><marc:subfield code="d">1912-2001</marc:subfield></marc:datafield><marc:datafield ind1="1" ind2="0" tag="600"><marc:subfield code="a">Amado, Jorge</marc:subfield><marc:subfield code="d">1912-2001</marc:subfield><marc:subfield code="3">Dona Flor e seus dois maridos</marc:subfield></marc:datafield><marc:datafield ind1=" " ind2="7" tag="650"><marc:subfield code="a">ROMANCE (CR&#205;TICA E INTERPRETA&#199;&#195;O)</marc:subfield><marc:subfield code="y">S&#201;CULO 20</marc:subfield><marc:subfield code="z">BRASIL</marc:subfield><marc:subfield code="2">larpcal</marc:subfield></marc:datafield><marc:datafield ind1=" " ind2=" " tag="945"><marc:subfield code="a">L</marc:subfield><marc:subfield code="b">LIVRO</marc:subfield><marc:subfield code="c">01</marc:subfield></marc:datafield></marc:record>