<marc:record><marc:leader>01365nam   200265Ia 45  </marc:leader><marc:controlfield tag="005">20150112091700.0</marc:controlfield><marc:controlfield tag="008">070816s2006    bl            000 0 por d</marc:controlfield><marc:datafield ind1=" " ind2=" " tag="040"><marc:subfield code="a">USP/SIBI</marc:subfield></marc:datafield><marc:datafield ind1="0" ind2=" " tag="041"><marc:subfield code="a">por</marc:subfield></marc:datafield><marc:datafield ind1=" " ind2=" " tag="044"><marc:subfield code="a">bl</marc:subfield></marc:datafield><marc:datafield ind1="0" ind2=" " tag="092"><marc:subfield code="a">306.53636</marc:subfield></marc:datafield><marc:datafield ind1="2" ind2=" " tag="110"><marc:subfield code="a">Instituto do Patrim&#244;nio Hist&#243;rico e Art&#237;stico Nacional (Brasil)</marc:subfield></marc:datafield><marc:datafield ind1="1" ind2="0" tag="245"><marc:subfield code="a">Patrim&#244;nio</marc:subfield><marc:subfield code="b">atualizando o debate</marc:subfield><marc:subfield code="c">organiza&#231;&#227;o Victor Hugo Mori... [et al.] ; textos Carlos Alberto Cerqueira Lemis ... [et al.]</marc:subfield></marc:datafield><marc:datafield ind1=" " ind2=" " tag="260"><marc:subfield code="a">S&#227;o Paulo</marc:subfield><marc:subfield code="b">IPHAN</marc:subfield><marc:subfield code="c">2006</marc:subfield></marc:datafield><marc:datafield ind1=" " ind2=" " tag="300"><marc:subfield code="a">240 p.</marc:subfield><marc:subfield code="b">il.</marc:subfield></marc:datafield><marc:datafield ind1=" " ind2=" " tag="500"><marc:subfield code="a">Textos: Carlos Alberto Cerqueira Lemos, Antonio Luiz Dias de Andrade, Ulpiano Toledo Bezerra de Meneses, Carlos Augusto Machado Calil, Victor Hugo Mori, Haroldo Gallo, Marise Campos de Souza, Rossano Lopes Bastos, Erika Marion Robrahn-Gonz&#225;lez, Jos&#233; Lu&#237;z de Morais, Paulo Eduardo Zanettini, Jos&#233; Eduardo Ramos Rodrigues</marc:subfield></marc:datafield><marc:datafield ind1=" " ind2=" " tag="504"><marc:subfield code="a">Bibliografia no final dos cap&#237;tulos</marc:subfield></marc:datafield><marc:datafield ind1=" " ind2="7" tag="650"><marc:subfield code="a">PATRIM&#212;NIO CULTURAL (PRESERVA&#199;&#195;O;CONSERVA&#199;&#195;O)</marc:subfield><marc:subfield code="2">larpcal</marc:subfield></marc:datafield><marc:datafield ind1=" " ind2="7" tag="650"><marc:subfield code="a">PATRIM&#212;NIO ARQUEOL&#211;GICO (PRESERVA&#199;&#195;O;CONSERVA&#199;&#195;O)</marc:subfield><marc:subfield code="2">larpcal</marc:subfield></marc:datafield><marc:datafield ind1=" " ind2="7" tag="650"><marc:subfield code="a">PATRIM&#212;NIO ARQUITET&#212;NICO (PRESERVA&#199;&#195;O;CONSERVA&#199;&#195;O)</marc:subfield><marc:subfield code="2">larpcal</marc:subfield></marc:datafield><marc:datafield ind1=" " ind2="7" tag="650"><marc:subfield code="a">MEIO AMBIENTE (PRESERVA&#199;&#195;O;CONSERVA&#199;&#195;O)</marc:subfield><marc:subfield code="2">larpcal</marc:subfield></marc:datafield><marc:datafield ind1=" " ind2="7" tag="650"><marc:subfield code="a">PROTE&#199;&#195;O AMBIENTAL</marc:subfield><marc:subfield code="2">larpcal</marc:subfield></marc:datafield><marc:datafield ind1="1" ind2=" " tag="700"><marc:subfield code="a">Mori, Victor Hugo</marc:subfield><marc:subfield code="4">org</marc:subfield></marc:datafield><marc:datafield ind1="1" ind2=" " tag="700"><marc:subfield code="a">Lemos, Carlos Alberto Cerqueira</marc:subfield><marc:subfield code="4">text</marc:subfield></marc:datafield><marc:datafield ind1=" " ind2=" " tag="945"><marc:subfield code="a">L</marc:subfield><marc:subfield code="b">LIVRO</marc:subfield><marc:subfield code="c">01</marc:subfield></marc:datafield></marc:record>