<marc:record><marc:leader>00988nam  2200313Ia 4500</marc:leader><marc:controlfield tag="005">$$a2007112612202</marc:controlfield><marc:controlfield tag="008">070829s2007    bl a     b    000 0 por d</marc:controlfield><marc:datafield ind1=" " ind2=" " tag="020"><marc:subfield code="a">9788598325477</marc:subfield></marc:datafield><marc:datafield ind1=" " ind2=" " tag="020"><marc:subfield code="a">8598325473</marc:subfield></marc:datafield><marc:datafield ind1=" " ind2=" " tag="020"><marc:subfield code="a">9788560584000</marc:subfield></marc:datafield><marc:datafield ind1=" " ind2=" " tag="020"><marc:subfield code="a">8560584005</marc:subfield></marc:datafield><marc:datafield ind1=" " ind2=" " tag="035"><marc:subfield code="a">(OCoLC)ocn166408764</marc:subfield><marc:subfield code="z">(OCoLC)166408764</marc:subfield></marc:datafield><marc:datafield ind1=" " ind2=" " tag="040"><marc:subfield code="a">IQU</marc:subfield><marc:subfield code="c">IQU</marc:subfield></marc:datafield><marc:datafield ind1="0" ind2=" " tag="041"><marc:subfield code="a">por</marc:subfield></marc:datafield><marc:datafield ind1=" " ind2=" " tag="043"><marc:subfield code="a">s-bl---</marc:subfield></marc:datafield><marc:datafield ind1=" " ind2=" " tag="044"><marc:subfield code="a">bl</marc:subfield></marc:datafield><marc:datafield ind1=" " ind2=" " tag="090"><marc:subfield code="a">BX1733.B6</marc:subfield><marc:subfield code="b">F45 2007</marc:subfield></marc:datafield><marc:datafield ind1=" " ind2=" " tag="092"><marc:subfield code="a">272.2</marc:subfield></marc:datafield><marc:datafield ind1="1" ind2=" " tag="100"><marc:subfield code="a">Feitler, Bruno</marc:subfield></marc:datafield><marc:datafield ind1="1" ind2="0" tag="245"><marc:subfield code="a">Nas malhas da consci&#234;ncia</marc:subfield><marc:subfield code="b">Igreja e Inquisi&#231;&#227;o no Brasil : Nordeste 1640-1750</marc:subfield><marc:subfield code="c">Bruno Feitler</marc:subfield></marc:datafield><marc:datafield ind1=" " ind2=" " tag="260"><marc:subfield code="a">S&#227;o Paulo</marc:subfield><marc:subfield code="b">Phoebus</marc:subfield><marc:subfield code="c">c2007</marc:subfield><marc:subfield code="b">Alameda</marc:subfield></marc:datafield><marc:datafield ind1=" " ind2=" " tag="300"><marc:subfield code="a">291 p</marc:subfield><marc:subfield code="b">ill</marc:subfield><marc:subfield code="c">21 cm</marc:subfield></marc:datafield><marc:datafield ind1=" " ind2=" " tag="504"><marc:subfield code="a">Includes bibliographical references (p. [277]-291)</marc:subfield></marc:datafield><marc:datafield ind1="2" ind2="0" tag="610"><marc:subfield code="a">Catholic Church</marc:subfield></marc:datafield><marc:datafield ind1="2" ind2="0" tag="610"><marc:subfield code="a">Catholic Church</marc:subfield></marc:datafield><marc:datafield ind1=" " ind2="0" tag="650"><marc:subfield code="a">Inquisition</marc:subfield><marc:subfield code="z">Brazil, Northeast</marc:subfield><marc:subfield code="x">History.</marc:subfield></marc:datafield><marc:datafield ind1=" " ind2="7" tag="650"><marc:subfield code="a">INQUISI&#199;&#195;O (HIST&#211;RIA)</marc:subfield><marc:subfield code="z">BRASIL</marc:subfield><marc:subfield code="2">larpcal</marc:subfield></marc:datafield><marc:datafield ind1=" " ind2="7" tag="650"><marc:subfield code="a">IGREJA CAT&#211;LICA (HIST&#211;RIA)</marc:subfield><marc:subfield code="z">BRASIL</marc:subfield><marc:subfield code="2">larpcal</marc:subfield></marc:datafield><marc:datafield ind1=" " ind2=" " tag="945"><marc:subfield code="a">L</marc:subfield><marc:subfield code="b">LIVRO</marc:subfield><marc:subfield code="c">01</marc:subfield></marc:datafield></marc:record>