<marc:record><marc:leader>01226nam   2002774a 45  </marc:leader><marc:controlfield tag="005">20180222171900.0</marc:controlfield><marc:controlfield tag="008">071126s2007    bl a          000 0 por d</marc:controlfield><marc:datafield ind1=" " ind2=" " tag="020"><marc:subfield code="a">9788572290333</marc:subfield></marc:datafield><marc:datafield ind1=" " ind2=" " tag="040"><marc:subfield code="a">USP/SIBI</marc:subfield></marc:datafield><marc:datafield ind1="0" ind2=" " tag="041"><marc:subfield code="a">por</marc:subfield></marc:datafield><marc:datafield ind1=" " ind2=" " tag="044"><marc:subfield code="a">bl</marc:subfield></marc:datafield><marc:datafield ind1="0" ind2=" " tag="092"><marc:subfield code="a">701.17</marc:subfield></marc:datafield><marc:datafield ind1="2" ind2=" " tag="111"><marc:subfield code="a">Congresso em Est&#233;tica e Hist&#243;ria da Arte</marc:subfield><marc:subfield code="n">(5.</marc:subfield><marc:subfield code="d">2007</marc:subfield><marc:subfield code="c">S&#227;o Paulo)</marc:subfield></marc:datafield><marc:datafield ind1="1" ind2="0" tag="245"><marc:subfield code="a">Am&#233;rica, Am&#233;ricas</marc:subfield><marc:subfield code="b">arte e mem&#243;ria</marc:subfield><marc:subfield code="c">organizadora Elza Ajzenberg</marc:subfield></marc:datafield><marc:datafield ind1=" " ind2=" " tag="260"><marc:subfield code="a">S&#227;o Paulo</marc:subfield><marc:subfield code="b">Programa de P&#243;s-Gradua&#231;&#227;o Interunidades em Est&#233;tica e Hist&#243;ria da Arte</marc:subfield><marc:subfield code="c">2007</marc:subfield></marc:datafield><marc:datafield ind1=" " ind2=" " tag="300"><marc:subfield code="a">518 p.</marc:subfield><marc:subfield code="b">il</marc:subfield></marc:datafield><marc:datafield ind1=" " ind2=" " tag="500"><marc:subfield code="a">A presente documenta&#231;&#227;o &#233; um desdobramento do V Congresso em Est&#233;tica e Hist&#243;ria da Arte: Am&#233;rica, Am&#233;ricas: arte e mem&#243;ria, realizado de 24 a 26 de outubro de 2007, Escola de Comunica&#231;&#245;es e Artes da Universidade de S&#227;o Paulo</marc:subfield></marc:datafield><marc:datafield ind1=" " ind2=" " tag="504"><marc:subfield code="a">Bibliografia no final dos cap&#237;tulos</marc:subfield></marc:datafield><marc:datafield ind1=" " ind2="7" tag="650"><marc:subfield code="a">EST&#201;TICA (ARTE)</marc:subfield><marc:subfield code="2">larpcal</marc:subfield></marc:datafield><marc:datafield ind1=" " ind2="7" tag="650"><marc:subfield code="a">HIST&#211;RIA DA ARTE</marc:subfield><marc:subfield code="2">larpcal</marc:subfield></marc:datafield><marc:datafield ind1=" " ind2="7" tag="650"><marc:subfield code="a">TEORIA DA ARTE</marc:subfield><marc:subfield code="2">larpcal</marc:subfield></marc:datafield><marc:datafield ind1=" " ind2="7" tag="650"><marc:subfield code="a">MEM&#211;RIA</marc:subfield><marc:subfield code="2">larpcal</marc:subfield></marc:datafield><marc:datafield ind1=" " ind2="7" tag="650"><marc:subfield code="a">EST&#201;TICA (CONGRESSOS)</marc:subfield><marc:subfield code="2">larpcal</marc:subfield></marc:datafield><marc:datafield ind1="2" ind2=" " tag="710"><marc:subfield code="a">Universidade de S&#227;o Paulo</marc:subfield><marc:subfield code="b">Programa de P&#243;s-Gradua&#231;&#227;o Interunidades em Est&#233;tica e Hist&#243;ria da Arte</marc:subfield></marc:datafield><marc:datafield ind1="1" ind2=" " tag="700"><marc:subfield code="a">Ajzenberg, Elza</marc:subfield><marc:subfield code="4">org</marc:subfield></marc:datafield><marc:datafield ind1=" " ind2=" " tag="945"><marc:subfield code="a">L</marc:subfield><marc:subfield code="b">LIVRO</marc:subfield><marc:subfield code="c">01</marc:subfield></marc:datafield></marc:record>