<marc:record><marc:leader>00633nam   2002294a 45  </marc:leader><marc:controlfield tag="005">20161027105600.0</marc:controlfield><marc:controlfield tag="008">080207s2006    bl            000 0 por d</marc:controlfield><marc:datafield ind1=" " ind2=" " tag="020"><marc:subfield code="a">8531404983</marc:subfield></marc:datafield><marc:datafield ind1=" " ind2=" " tag="040"><marc:subfield code="a">USP/SIBI</marc:subfield></marc:datafield><marc:datafield ind1="0" ind2=" " tag="041"><marc:subfield code="a">por</marc:subfield></marc:datafield><marc:datafield ind1=" " ind2=" " tag="044"><marc:subfield code="a">bl</marc:subfield></marc:datafield><marc:datafield ind1="0" ind2="4" tag="082"><marc:subfield code="a">808.069</marc:subfield></marc:datafield><marc:datafield ind1="0" ind2=" " tag="092"><marc:subfield code="a">808.069</marc:subfield></marc:datafield><marc:datafield ind1="1" ind2=" " tag="100"><marc:subfield code="a">Ali, Manuel Said</marc:subfield><marc:subfield code="d">1861-1953</marc:subfield></marc:datafield><marc:datafield ind1="1" ind2="0" tag="245"><marc:subfield code="a">Versifica&#231;&#227;o portuguesa</marc:subfield><marc:subfield code="c">M. Said Ali ; pref&#225;cio de Manuel Bandeira</marc:subfield></marc:datafield><marc:datafield ind1=" " ind2=" " tag="260"><marc:subfield code="a">S&#227;o Paulo</marc:subfield><marc:subfield code="b">Edusp</marc:subfield><marc:subfield code="c">2006</marc:subfield></marc:datafield><marc:datafield ind1=" " ind2=" " tag="300"><marc:subfield code="a">148 p</marc:subfield><marc:subfield code="c">21 cm</marc:subfield></marc:datafield><marc:datafield ind1=" " ind2="7" tag="650"><marc:subfield code="a">TEORIA LITER&#193;RIA</marc:subfield><marc:subfield code="2">larpcal</marc:subfield></marc:datafield><marc:datafield ind1=" " ind2="7" tag="650"><marc:subfield code="a">POESIA</marc:subfield><marc:subfield code="2">larpcal</marc:subfield></marc:datafield><marc:datafield ind1=" " ind2="7" tag="650"><marc:subfield code="a">L&#205;NGUA PORTUGUESA</marc:subfield><marc:subfield code="2">larpcal</marc:subfield></marc:datafield><marc:datafield ind1="1" ind2=" " tag="700"><marc:subfield code="a">Bandeira, Manuel</marc:subfield><marc:subfield code="4">pref</marc:subfield></marc:datafield><marc:datafield ind1=" " ind2=" " tag="945"><marc:subfield code="a">L</marc:subfield><marc:subfield code="b">LIVRO</marc:subfield><marc:subfield code="c">01</marc:subfield></marc:datafield></marc:record>