<marc:record><marc:leader>01397nam  2200385 a 4500</marc:leader><marc:controlfield tag="005">$$a2008021110042</marc:controlfield><marc:controlfield tag="008">070124s2006    bl       b    000 0 por d</marc:controlfield><marc:datafield ind1=" " ind2=" " tag="010"><marc:subfield code="a">2007334077</marc:subfield></marc:datafield><marc:datafield ind1=" " ind2=" " tag="020"><marc:subfield code="a">8532803431</marc:subfield></marc:datafield><marc:datafield ind1=" " ind2=" " tag="020"><marc:subfield code="a">9788532803436</marc:subfield></marc:datafield><marc:datafield ind1=" " ind2=" " tag="035"><marc:subfield code="a">(OCoLC)ocm72724833</marc:subfield><marc:subfield code="z">(OCoLC)72724833</marc:subfield></marc:datafield><marc:datafield ind1=" " ind2=" " tag="040"><marc:subfield code="a">AZU</marc:subfield><marc:subfield code="c">AZU</marc:subfield><marc:subfield code="d">DLC</marc:subfield></marc:datafield><marc:datafield ind1="0" ind2=" " tag="041"><marc:subfield code="a">por</marc:subfield></marc:datafield><marc:datafield ind1=" " ind2=" " tag="042"><marc:subfield code="a">lccopycat</marc:subfield><marc:subfield code="a">lcode</marc:subfield></marc:datafield><marc:datafield ind1=" " ind2=" " tag="043"><marc:subfield code="a">s-bl---</marc:subfield></marc:datafield><marc:datafield ind1=" " ind2=" " tag="044"><marc:subfield code="a">bl</marc:subfield></marc:datafield><marc:datafield ind1="0" ind2="0" tag="050"><marc:subfield code="a">HC187</marc:subfield><marc:subfield code="b">.A55862 2006</marc:subfield></marc:datafield><marc:datafield ind1=" " ind2=" " tag="092"><marc:subfield code="a">320.54</marc:subfield></marc:datafield><marc:datafield ind1="1" ind2=" " tag="100"><marc:subfield code="a">Almeida, L&#250;cio Fl&#225;vio de</marc:subfield></marc:datafield><marc:datafield ind1="1" ind2="2" tag="245"><marc:subfield code="a">A ilus&#227;o de desenvolvimento</marc:subfield><marc:subfield code="b">nacionalismo e domina&#231;&#227;o burguesa nos anos JK</marc:subfield><marc:subfield code="c">L&#250;cio Fl&#225;vio Rodrigues de Almeida</marc:subfield></marc:datafield><marc:datafield ind1="3" ind2="0" tag="246"><marc:subfield code="a">Nacionalismo e domina&#231;&#227;o burguesa nos anos JK</marc:subfield></marc:datafield><marc:datafield ind1=" " ind2=" " tag="260"><marc:subfield code="a">Florian&#243;polis</marc:subfield><marc:subfield code="b">Editora da UFSC</marc:subfield><marc:subfield code="c">2006</marc:subfield></marc:datafield><marc:datafield ind1=" " ind2=" " tag="300"><marc:subfield code="a">339 p</marc:subfield></marc:datafield><marc:datafield ind1="0" ind2=" " tag="490"><marc:subfield code="a">RIEN</marc:subfield></marc:datafield><marc:datafield ind1=" " ind2=" " tag="500"><marc:subfield code="a">T&#237;tulo da capa: Uma ilus&#227;o de desenvolvimento: nacionalismo e domina&#231;&#227;o burguesa nos anos JK</marc:subfield></marc:datafield><marc:datafield ind1=" " ind2=" " tag="504"><marc:subfield code="a">Includes bibliographical references (p. [317]-336)</marc:subfield></marc:datafield><marc:datafield ind1="1" ind2="0" tag="600"><marc:subfield code="a">Kubitschek, Juscelino</marc:subfield><marc:subfield code="d">1902-1976.</marc:subfield></marc:datafield><marc:datafield ind1=" " ind2="0" tag="650"><marc:subfield code="a">Nationalism</marc:subfield><marc:subfield code="z">Brazil</marc:subfield><marc:subfield code="x">History</marc:subfield><marc:subfield code="y">20th century</marc:subfield></marc:datafield><marc:datafield ind1=" " ind2="0" tag="650"><marc:subfield code="a">Middle class</marc:subfield><marc:subfield code="z">Brazil</marc:subfield><marc:subfield code="x">History</marc:subfield><marc:subfield code="y">20th century</marc:subfield></marc:datafield><marc:datafield ind1=" " ind2="7" tag="650"><marc:subfield code="a">NACIONALISMO</marc:subfield><marc:subfield code="2">larpcal</marc:subfield></marc:datafield><marc:datafield ind1=" " ind2="7" tag="650"><marc:subfield code="a">BURGUESIA</marc:subfield><marc:subfield code="2">larpcal</marc:subfield></marc:datafield><marc:datafield ind1=" " ind2="7" tag="650"><marc:subfield code="a">POL&#205;TICA E GOVERNO</marc:subfield><marc:subfield code="y">1954-1964</marc:subfield><marc:subfield code="z">BRASIL</marc:subfield><marc:subfield code="2">larpcal</marc:subfield></marc:datafield><marc:datafield ind1=" " ind2="7" tag="651"><marc:subfield code="a">BRASIL (CONDI&#199;&#213;ES ECON&#212;MICAS)</marc:subfield><marc:subfield code="y">1954-1964</marc:subfield><marc:subfield code="2">larpcal</marc:subfield></marc:datafield><marc:datafield ind1="1" ind2="7" tag="600"><marc:subfield code="a">Kubitschek, Juscelino</marc:subfield><marc:subfield code="d">1902-1976</marc:subfield></marc:datafield><marc:datafield ind1=" " ind2=" " tag="945"><marc:subfield code="a">L</marc:subfield><marc:subfield code="b">LIVRO</marc:subfield><marc:subfield code="c">01</marc:subfield></marc:datafield></marc:record>