<marc:record><marc:leader>01148nam   200277 a 45  </marc:leader><marc:controlfield tag="005">20190122163700.0</marc:controlfield><marc:controlfield tag="008">080219s2007    bl      r     000 0 por d</marc:controlfield><marc:datafield ind1=" " ind2=" " tag="020"><marc:subfield code="a">9788571397453</marc:subfield></marc:datafield><marc:datafield ind1=" " ind2=" " tag="040"><marc:subfield code="a">USP/SIBI</marc:subfield></marc:datafield><marc:datafield ind1="0" ind2=" " tag="041"><marc:subfield code="a">por</marc:subfield></marc:datafield><marc:datafield ind1=" " ind2=" " tag="044"><marc:subfield code="a">bl</marc:subfield></marc:datafield><marc:datafield ind1="0" ind2=" " tag="092"><marc:subfield code="a">302.2244</marc:subfield></marc:datafield><marc:datafield ind1="1" ind2=" " tag="100"><marc:subfield code="a">Chartier, Roger</marc:subfield><marc:subfield code="d">1945-</marc:subfield></marc:datafield><marc:datafield ind1="0" ind2="0" tag="242"><marc:subfield code="a">Inscrire et effacer - culture &#233;crite et litt&#233;rature</marc:subfield><marc:subfield code="b">(XI-XVIII si&#232;cles)</marc:subfield><marc:subfield code="y">por</marc:subfield></marc:datafield><marc:datafield ind1="1" ind2="0" tag="245"><marc:subfield code="a">Inscrever e apagar</marc:subfield><marc:subfield code="b">cultura escrita e literatura (s&#233;culos XI-XVIII)</marc:subfield><marc:subfield code="c">Roger Chartier ; tradu&#231;&#227;o Luzmara Curcino Ferreira</marc:subfield></marc:datafield><marc:datafield ind1=" " ind2=" " tag="260"><marc:subfield code="a">S&#227;o Paulo</marc:subfield><marc:subfield code="b">Editora UNESP</marc:subfield><marc:subfield code="c">2007</marc:subfield></marc:datafield><marc:datafield ind1=" " ind2=" " tag="300"><marc:subfield code="a">335 p</marc:subfield><marc:subfield code="c">21 cm</marc:subfield></marc:datafield><marc:datafield ind1=" " ind2=" " tag="500"><marc:subfield code="a">T&#237;tulo original : Inscrire et effacer : culture &#233;crite et litt&#233;rature (XI-XVIII siede)</marc:subfield></marc:datafield><marc:datafield ind1=" " ind2="7" tag="650"><marc:subfield code="a">HIST&#211;RIA CULTURAL</marc:subfield><marc:subfield code="y">S&#201;CULO 11;S&#201;CULO 18</marc:subfield><marc:subfield code="2">larpcal</marc:subfield></marc:datafield><marc:datafield ind1=" " ind2="7" tag="650"><marc:subfield code="a">ESCRITA (LINGU&#205;STICA)</marc:subfield><marc:subfield code="x">HIST&#211;RIA</marc:subfield><marc:subfield code="x">ASPECTOS SOCIAIS</marc:subfield><marc:subfield code="y">S&#201;CULO 11;S&#201;CULO 18</marc:subfield><marc:subfield code="2">larpcal</marc:subfield></marc:datafield><marc:datafield ind1=" " ind2="7" tag="650"><marc:subfield code="a">CRIA&#199;&#195;O LITER&#193;RIA</marc:subfield><marc:subfield code="x">HIST&#211;RIA</marc:subfield><marc:subfield code="x">ASPECTOS SOCIAIS</marc:subfield><marc:subfield code="2">larpcal</marc:subfield></marc:datafield><marc:datafield ind1=" " ind2="7" tag="650"><marc:subfield code="a">COMUNICA&#199;&#195;O ESCRITA</marc:subfield><marc:subfield code="x">ASPECTOS SOCIAIS</marc:subfield><marc:subfield code="2">larpcal</marc:subfield></marc:datafield><marc:datafield ind1=" " ind2="7" tag="650"><marc:subfield code="a">IMPRESS&#195;O</marc:subfield><marc:subfield code="2">larpcal</marc:subfield></marc:datafield><marc:datafield ind1=" " ind2="7" tag="650"><marc:subfield code="a">HIST&#211;RIA DO LIVRO</marc:subfield><marc:subfield code="2">larpcal</marc:subfield></marc:datafield><marc:datafield ind1="1" ind2=" " tag="700"><marc:subfield code="a">Ferreira, Luzmara Curcino</marc:subfield><marc:subfield code="4">trad</marc:subfield></marc:datafield><marc:datafield ind1=" " ind2=" " tag="945"><marc:subfield code="a">L</marc:subfield><marc:subfield code="b">LIVRO</marc:subfield><marc:subfield code="c">01</marc:subfield></marc:datafield></marc:record>