<marc:record><marc:leader>01072cam  2200301Ia 4500</marc:leader><marc:controlfield tag="005">$$a2008030710393</marc:controlfield><marc:controlfield tag="008">050801s2004    bl       b    000 0 por d</marc:controlfield><marc:datafield ind1=" " ind2=" " tag="020"><marc:subfield code="a">8523007679</marc:subfield></marc:datafield><marc:datafield ind1=" " ind2=" " tag="020"><marc:subfield code="a">9788523007676</marc:subfield></marc:datafield><marc:datafield ind1=" " ind2=" " tag="035"><marc:subfield code="a">(OCoLC)ocm61184736</marc:subfield><marc:subfield code="z">(OCoLC)61184736</marc:subfield></marc:datafield><marc:datafield ind1=" " ind2=" " tag="040"><marc:subfield code="a">FXG</marc:subfield><marc:subfield code="c">FXG</marc:subfield><marc:subfield code="d">IXA</marc:subfield></marc:datafield><marc:datafield ind1="0" ind2=" " tag="041"><marc:subfield code="a">por</marc:subfield></marc:datafield><marc:datafield ind1=" " ind2=" " tag="044"><marc:subfield code="a">bl</marc:subfield></marc:datafield><marc:datafield ind1=" " ind2=" " tag="090"><marc:subfield code="a">PQ9697.M15</marc:subfield><marc:subfield code="b">Z87 2004</marc:subfield></marc:datafield><marc:datafield ind1="0" ind2=" " tag="092"><marc:subfield code="a">869.93092</marc:subfield></marc:datafield><marc:datafield ind1="1" ind2=" " tag="100"><marc:subfield code="a">Serra, Tania Rebelo Costa</marc:subfield><marc:subfield code="d">1950-</marc:subfield></marc:datafield><marc:datafield ind1="1" ind2="0" tag="245"><marc:subfield code="a">Joaquim Manuel de Macedo, ou, Os dois Macedos</marc:subfield><marc:subfield code="b">a luneta m&#225;gica do II Reinado</marc:subfield><marc:subfield code="c">Tania Rebelo Costa Serra</marc:subfield></marc:datafield><marc:datafield ind1="3" ind2="0" tag="246"><marc:subfield code="a">Dois Macedos</marc:subfield></marc:datafield><marc:datafield ind1=" " ind2=" " tag="250"><marc:subfield code="a">2. ed., rev. e atual</marc:subfield></marc:datafield><marc:datafield ind1=" " ind2=" " tag="260"><marc:subfield code="a">Bras&#237;lia, DF</marc:subfield><marc:subfield code="b">Editora UnB</marc:subfield><marc:subfield code="c">c2004</marc:subfield></marc:datafield><marc:datafield ind1=" " ind2=" " tag="300"><marc:subfield code="a">397 p</marc:subfield><marc:subfield code="c">21 cm</marc:subfield></marc:datafield><marc:datafield ind1=" " ind2=" " tag="504"><marc:subfield code="a">"Bibliografia cr&#237;tica de Macedo": p. [325]-353</marc:subfield></marc:datafield><marc:datafield ind1=" " ind2=" " tag="504"><marc:subfield code="a">"Bibliografia cr&#237;tica sobre Macedo": p. [355]-381</marc:subfield></marc:datafield><marc:datafield ind1=" " ind2=" " tag="504"><marc:subfield code="a">Includes bibliographical references (p. [383]-397)</marc:subfield></marc:datafield><marc:datafield ind1="1" ind2="7" tag="600"><marc:subfield code="a">Macedo, Joaquim Manuel de</marc:subfield><marc:subfield code="d">1820-1882</marc:subfield></marc:datafield><marc:datafield ind1=" " ind2="7" tag="650"><marc:subfield code="a">LITERATURA BRASILEIRA (CR&#205;TICA E INTERPRETA&#199;&#195;O)</marc:subfield><marc:subfield code="2">larpcal</marc:subfield></marc:datafield><marc:datafield ind1=" " ind2="7" tag="650"><marc:subfield code="a">ROMANCE</marc:subfield><marc:subfield code="y">S&#201;CULO 19</marc:subfield><marc:subfield code="z">BRASIL</marc:subfield><marc:subfield code="2">larpcal</marc:subfield></marc:datafield><marc:datafield ind1=" " ind2=" " tag="945"><marc:subfield code="a">L</marc:subfield><marc:subfield code="b">LIVRO</marc:subfield><marc:subfield code="c">01</marc:subfield></marc:datafield></marc:record>