<marc:record><marc:leader>01182cam  2200313Ia 4500</marc:leader><marc:controlfield tag="005">$$a2008031415274</marc:controlfield><marc:controlfield tag="008">990510s2006    bl       b    000 0 por d</marc:controlfield><marc:datafield ind1=" " ind2=" " tag="020"><marc:subfield code="a">8598325392 (Alameda)</marc:subfield></marc:datafield><marc:datafield ind1=" " ind2=" " tag="020"><marc:subfield code="a">9788598325392 (Alameda)</marc:subfield></marc:datafield><marc:datafield ind1=" " ind2=" " tag="020"><marc:subfield code="a">8586480649 (PUC Minas)</marc:subfield></marc:datafield><marc:datafield ind1=" " ind2=" " tag="020"><marc:subfield code="a">9788586480645 (PUC Minas)</marc:subfield></marc:datafield><marc:datafield ind1=" " ind2=" " tag="035"><marc:subfield code="a">(OCoLC)ocn137276038</marc:subfield><marc:subfield code="z">(OCoLC)137276038</marc:subfield></marc:datafield><marc:datafield ind1=" " ind2=" " tag="040"><marc:subfield code="a">ZCU</marc:subfield><marc:subfield code="c">ZCU</marc:subfield><marc:subfield code="d">IQU</marc:subfield><marc:subfield code="d">PIT</marc:subfield></marc:datafield><marc:datafield ind1="0" ind2=" " tag="041"><marc:subfield code="a">por</marc:subfield></marc:datafield><marc:datafield ind1=" " ind2=" " tag="044"><marc:subfield code="a">bl</marc:subfield></marc:datafield><marc:datafield ind1=" " ind2="4" tag="050"><marc:subfield code="a">PN56.I65</marc:subfield><marc:subfield code="b">I76 2006</marc:subfield></marc:datafield><marc:datafield ind1="0" ind2=" " tag="092"><marc:subfield code="a">809.7</marc:subfield></marc:datafield><marc:datafield ind1="1" ind2=" " tag="100"><marc:subfield code="a">Duarte, L&#233;lia Parreira</marc:subfield></marc:datafield><marc:datafield ind1="1" ind2="0" tag="245"><marc:subfield code="a">Ironia e humor na literatura</marc:subfield><marc:subfield code="c">L&#233;lia Parreira Duarte</marc:subfield></marc:datafield><marc:datafield ind1=" " ind2=" " tag="260"><marc:subfield code="a">Belo Horizonte</marc:subfield><marc:subfield code="b">Editora PUC Minas</marc:subfield><marc:subfield code="c">2006</marc:subfield><marc:subfield code="a">S&#227;o Paulo</marc:subfield><marc:subfield code="b">Alameda</marc:subfield></marc:datafield><marc:datafield ind1=" " ind2=" " tag="300"><marc:subfield code="a">358 p</marc:subfield><marc:subfield code="c">21 cm</marc:subfield></marc:datafield><marc:datafield ind1=" " ind2=" " tag="504"><marc:subfield code="a">Includes bibliographical references (p. [335]-358)</marc:subfield></marc:datafield><marc:datafield ind1="0" ind2=" " tag="505"><marc:subfield code="a">Ant&#243;nio Vieira -- Almeida Garrett -- Camilo Castelo Branco e Machado de Assis -- E&#231;a de Queir&#243;s -- M&#225;rio de S&#225;-Carneiro -- Fernando Pessoa -- Dostoi&#233;vski -- Guimar&#227;es Rosa</marc:subfield></marc:datafield><marc:datafield ind1=" " ind2="0" tag="650"><marc:subfield code="a">Irony in literature</marc:subfield></marc:datafield><marc:datafield ind1=" " ind2="0" tag="650"><marc:subfield code="a">Humor in literature</marc:subfield></marc:datafield><marc:datafield ind1=" " ind2="7" tag="650"><marc:subfield code="a">LITERATURA (ENSAIOS;HIST&#211;RIA E CR&#205;TICA)</marc:subfield><marc:subfield code="2">larpcal</marc:subfield></marc:datafield><marc:datafield ind1=" " ind2="7" tag="650"><marc:subfield code="a">IRONIA</marc:subfield><marc:subfield code="2">larpcal</marc:subfield></marc:datafield><marc:datafield ind1=" " ind2="7" tag="650"><marc:subfield code="a">S&#193;TIRA E HUMOR (LITERATURA)</marc:subfield><marc:subfield code="2">larpcal</marc:subfield></marc:datafield><marc:datafield ind1=" " ind2=" " tag="945"><marc:subfield code="a">L</marc:subfield><marc:subfield code="b">LIVRO</marc:subfield><marc:subfield code="c">01</marc:subfield></marc:datafield></marc:record>