<marc:record><marc:leader>01541nam   200349Ia 45  </marc:leader><marc:controlfield tag="005">20200818184300.0</marc:controlfield><marc:controlfield tag="008">080326s2007    bl a          000 0 por d</marc:controlfield><marc:datafield ind1=" " ind2=" " tag="020"><marc:subfield code="a">9788598864228</marc:subfield></marc:datafield><marc:datafield ind1=" " ind2=" " tag="040"><marc:subfield code="a">USP/SIBI</marc:subfield></marc:datafield><marc:datafield ind1="0" ind2=" " tag="041"><marc:subfield code="a">por</marc:subfield></marc:datafield><marc:datafield ind1=" " ind2=" " tag="044"><marc:subfield code="a">bl</marc:subfield></marc:datafield><marc:datafield ind1="0" ind2=" " tag="092"><marc:subfield code="a">779.43</marc:subfield></marc:datafield><marc:datafield ind1="2" ind2=" " tag="110"><marc:subfield code="a">Museu de Arte Brasileira da FAAP (S&#227;o Paulo)</marc:subfield></marc:datafield><marc:datafield ind1="1" ind2="2" tag="245"><marc:subfield code="a">O olho fotogr&#225;fico</marc:subfield><marc:subfield code="b">Marcel Gautherot e seu tempo</marc:subfield><marc:subfield code="c">organiza&#231;&#227;o e edi&#231;&#227;o: Heliana Angotti-Salgueiro ; textos: Heliana Angotti-Salgueiro, Lygia Segala e Olivier Lugon ; curadoria Heliana Angotti-Salgueiro ; pesquisa e textos Heliana Angotti-Salgueiro, Lygia Segala ; tradu&#231;&#227;o Elizabeth Young, M&#225;rcia Val&#233;ria M. de Agui</marc:subfield></marc:datafield><marc:datafield ind1="0" ind2=" " tag="246"><marc:subfield code="a">Marcel Gautherot e seu tempo</marc:subfield></marc:datafield><marc:datafield ind1=" " ind2=" " tag="260"><marc:subfield code="a">S&#227;o Paulo</marc:subfield><marc:subfield code="b">MAB-FAAP</marc:subfield><marc:subfield code="c">2007</marc:subfield></marc:datafield><marc:datafield ind1=" " ind2=" " tag="300"><marc:subfield code="a">408 p</marc:subfield><marc:subfield code="b">il</marc:subfield></marc:datafield><marc:datafield ind1=" " ind2=" " tag="500"><marc:subfield code="a">Cat&#225;logo publicado por ocasi&#227;o da exposi&#231;&#227;o realizada de 10 de outubro a 2 de dezembro de 2007, Museu de Arte Brasileira da FAAP, S&#227;o Paulo.</marc:subfield></marc:datafield><marc:datafield ind1=" " ind2=" " tag="504"><marc:subfield code="a">Bibliografia</marc:subfield></marc:datafield><marc:datafield ind1=" " ind2=" " tag="504"><marc:subfield code="a">Cronologia</marc:subfield></marc:datafield><marc:datafield ind1=" " ind2=" " tag="546"><marc:subfield code="a">Texto em portugu&#234;s e ingl&#234;s</marc:subfield></marc:datafield><marc:datafield ind1="1" ind2="7" tag="600"><marc:subfield code="a">Gautherot, Marcel</marc:subfield><marc:subfield code="d">1910-1966</marc:subfield></marc:datafield><marc:datafield ind1=" " ind2="7" tag="650"><marc:subfield code="a">FOTOGRAFIA</marc:subfield><marc:subfield code="y">S&#201;CULO 20</marc:subfield><marc:subfield code="z">FRAN&#199;A</marc:subfield><marc:subfield code="2">larpcal</marc:subfield></marc:datafield><marc:datafield ind1=" " ind2="7" tag="650"><marc:subfield code="a">EXPOSI&#199;&#213;ES DE FOTOGRAFIAS</marc:subfield><marc:subfield code="y">S&#201;CULO 21</marc:subfield><marc:subfield code="z">BRASIL</marc:subfield><marc:subfield code="2">larpcal</marc:subfield></marc:datafield><marc:datafield ind1=" " ind2="7" tag="650"><marc:subfield code="a">FOTOGRAFIA DOCUMENT&#193;RIA</marc:subfield><marc:subfield code="2">larpcal</marc:subfield></marc:datafield><marc:datafield ind1=" " ind2="7" tag="656"><marc:subfield code="a">FOT&#211;GRAFOS</marc:subfield><marc:subfield code="y">S&#201;CULO 20</marc:subfield><marc:subfield code="z">FRAN&#199;A</marc:subfield><marc:subfield code="2">larpcal</marc:subfield></marc:datafield><marc:datafield ind1="1" ind2=" " tag="700"><marc:subfield code="a">Angotti-Salgueiro, Heliana</marc:subfield><marc:subfield code="4">org</marc:subfield><marc:subfield code="4">ed</marc:subfield><marc:subfield code="4">text</marc:subfield></marc:datafield><marc:datafield ind1="1" ind2=" " tag="700"><marc:subfield code="a">Segala, Lygia</marc:subfield><marc:subfield code="4">text</marc:subfield></marc:datafield><marc:datafield ind1="1" ind2=" " tag="700"><marc:subfield code="a">Lugon, Olivier</marc:subfield><marc:subfield code="4">text</marc:subfield></marc:datafield><marc:datafield ind1="1" ind2=" " tag="700"><marc:subfield code="a">Young, Elizabeth</marc:subfield><marc:subfield code="4">trad</marc:subfield></marc:datafield><marc:datafield ind1="1" ind2=" " tag="700"><marc:subfield code="a">Aguiar, M&#225;rcia Val&#233;ria M. de</marc:subfield><marc:subfield code="4">trad</marc:subfield></marc:datafield><marc:datafield ind1=" " ind2=" " tag="945"><marc:subfield code="a">L</marc:subfield><marc:subfield code="b">LIVRO</marc:subfield><marc:subfield code="c">01</marc:subfield></marc:datafield></marc:record>