<marc:record><marc:leader>01485cam  2200301Ia 4500</marc:leader><marc:controlfield tag="005">$$a2008060313165</marc:controlfield><marc:controlfield tag="008">030807s2002    bl       b    000 0 por d</marc:controlfield><marc:datafield ind1=" " ind2=" " tag="020"><marc:subfield code="a">8573351004</marc:subfield></marc:datafield><marc:datafield ind1=" " ind2=" " tag="020"><marc:subfield code="a">9788573351002</marc:subfield></marc:datafield><marc:datafield ind1=" " ind2=" " tag="035"><marc:subfield code="a">(OCoLC)ocm52807996</marc:subfield><marc:subfield code="z">(OCoLC)52807996</marc:subfield></marc:datafield><marc:datafield ind1=" " ind2=" " tag="040"><marc:subfield code="a">PIT</marc:subfield><marc:subfield code="c">PIT</marc:subfield><marc:subfield code="d">OCLCQ</marc:subfield><marc:subfield code="d">BNCHL</marc:subfield></marc:datafield><marc:datafield ind1="0" ind2=" " tag="041"><marc:subfield code="a">por</marc:subfield></marc:datafield><marc:datafield ind1=" " ind2=" " tag="043"><marc:subfield code="a">s-bl---</marc:subfield><marc:subfield code="a">s------</marc:subfield></marc:datafield><marc:datafield ind1=" " ind2=" " tag="044"><marc:subfield code="a">bl</marc:subfield></marc:datafield><marc:datafield ind1=" " ind2="4" tag="050"><marc:subfield code="a">F2536</marc:subfield><marc:subfield code="b">.S235 2002</marc:subfield></marc:datafield><marc:datafield ind1="-" ind2="4" tag="082"><marc:subfield code="a">327</marc:subfield></marc:datafield><marc:datafield ind1="0" ind2=" " tag="092"><marc:subfield code="a">327.81</marc:subfield></marc:datafield><marc:datafield ind1="1" ind2=" " tag="100"><marc:subfield code="a">Santos, Lu&#237;s Cl&#225;udio Villafa&#241;e Gomes</marc:subfield></marc:datafield><marc:datafield ind1="1" ind2="2" tag="245"><marc:subfield code="a">O imp&#233;rio e as rep&#250;blicas do Pac&#237;fico</marc:subfield><marc:subfield code="b">as rela&#231;&#245;es do Brasil com Chile, Bol&#237;via, Peru, Equador y Col&#244;mbia</marc:subfield><marc:subfield code="c">Lu&#237;s Cl&#225;udio Villafa&#241;e Gomes Santos</marc:subfield></marc:datafield><marc:datafield ind1=" " ind2=" " tag="260"><marc:subfield code="a">Curitiba, Paran&#225;, Brasil</marc:subfield><marc:subfield code="b">Editora UFPR</marc:subfield><marc:subfield code="c">2002</marc:subfield></marc:datafield><marc:datafield ind1=" " ind2=" " tag="300"><marc:subfield code="a">177 p</marc:subfield><marc:subfield code="c">22 cm</marc:subfield></marc:datafield><marc:datafield ind1="1" ind2=" " tag="490"><marc:subfield code="a">S&#233;rie Pesquisa</marc:subfield><marc:subfield code="v">n. 78</marc:subfield></marc:datafield><marc:datafield ind1=" " ind2=" " tag="500"><marc:subfield code="a">Revised version of the author\'s thesis (master\'s)--Universidade de Bras&#237;lia, 1990</marc:subfield></marc:datafield><marc:datafield ind1=" " ind2=" " tag="504"><marc:subfield code="a">Includes bibliographical references (p. 171-177)</marc:subfield></marc:datafield><marc:datafield ind1="0" ind2=" " tag="505"><marc:subfield code="a">O Primeiro Reinado e as rep&#250;blicas do Pac&#237;fico (1822-1831) -- A gesta&#231;&#227;o de uma nova ordem (1831-1849) -- A consolida&#231;&#227;o da pol&#237;tica externa do imp&#233;rio e o pren&#250;ncio da hegemonia chilena no Pac&#237;fico (1850-1861) -- A Am&#233;rica em guerra (1862-1870) -- O caleidosc&#243;pio de alian&#231;as (1871-1878) -- O Brasil e a Guerra do Pac&#237;fico (1879-1883) -- Os &#250;ltimos anos do imp&#233;rio brasileiro (1884-1889)</marc:subfield></marc:datafield><marc:datafield ind1=" " ind2="7" tag="650"><marc:subfield code="a">RELA&#199;&#213;ES EXTERIORES</marc:subfield><marc:subfield code="z">BRASIL</marc:subfield><marc:subfield code="2">larpcal</marc:subfield></marc:datafield><marc:datafield ind1=" " ind2="0" tag="830"><marc:subfield code="a">Srie Pesquisa (Curitiba, Brazil)</marc:subfield><marc:subfield code="v">n. 78</marc:subfield></marc:datafield><marc:datafield ind1=" " ind2=" " tag="945"><marc:subfield code="a">L</marc:subfield><marc:subfield code="b">LIVRO</marc:subfield><marc:subfield code="c">01</marc:subfield></marc:datafield></marc:record>