<marc:record><marc:leader>01473nam  2200337Ia 4500</marc:leader><marc:controlfield tag="005">$$a2008092316490</marc:controlfield><marc:controlfield tag="008">060427s2003    bl a     b    000 0 por d</marc:controlfield><marc:datafield ind1=" " ind2=" " tag="020"><marc:subfield code="a">8574400645</marc:subfield></marc:datafield><marc:datafield ind1=" " ind2=" " tag="020"><marc:subfield code="a">9788574400648</marc:subfield></marc:datafield><marc:datafield ind1="3" ind2=" " tag="024"><marc:subfield code="a">978574400647</marc:subfield></marc:datafield><marc:datafield ind1=" " ind2=" " tag="035"><marc:subfield code="a">(OCoLC)ocm67765595</marc:subfield><marc:subfield code="z">(OCoLC)67765595</marc:subfield></marc:datafield><marc:datafield ind1=" " ind2=" " tag="040"><marc:subfield code="a">IXA</marc:subfield><marc:subfield code="c">IXA</marc:subfield></marc:datafield><marc:datafield ind1="0" ind2=" " tag="041"><marc:subfield code="a">por</marc:subfield></marc:datafield><marc:datafield ind1=" " ind2=" " tag="044"><marc:subfield code="a">bl</marc:subfield></marc:datafield><marc:datafield ind1=" " ind2=" " tag="090"><marc:subfield code="a">PQ2284.P8</marc:subfield><marc:subfield code="b">H84 2003</marc:subfield></marc:datafield><marc:datafield ind1="1" ind2=" " tag="100"><marc:subfield code="a">Hugo, Victor</marc:subfield><marc:subfield code="d">1802-1885</marc:subfield></marc:datafield><marc:datafield ind1="1" ind2="0" tag="245"><marc:subfield code="a">Hugonianas</marc:subfield><marc:subfield code="b">poesias</marc:subfield><marc:subfield code="c">de Victor Hugo ; traduzidas por poetas brasileiros; organiza&#231;&#227;o de M&#250;cio Teixeira ; [pref&#225;cio, S&#233;rgio Paulo Rouanet]</marc:subfield></marc:datafield><marc:datafield ind1="3" ind2="0" tag="246"><marc:subfield code="a">Poesias de Victor Hugo</marc:subfield></marc:datafield><marc:datafield ind1=" " ind2=" " tag="250"><marc:subfield code="a">3. ed</marc:subfield></marc:datafield><marc:datafield ind1=" " ind2=" " tag="260"><marc:subfield code="a">Rio de Janeiro</marc:subfield><marc:subfield code="b">Academia Brasileira de Letras</marc:subfield><marc:subfield code="c">2003</marc:subfield></marc:datafield><marc:datafield ind1=" " ind2=" " tag="300"><marc:subfield code="a">lxi, 342 p</marc:subfield><marc:subfield code="b">col. ill</marc:subfield><marc:subfield code="c">21 cm</marc:subfield></marc:datafield><marc:datafield ind1=" " ind2="0" tag="440"><marc:subfield code="a">Ad immortalitatem</marc:subfield><marc:subfield code="v">v. 14--2003</marc:subfield></marc:datafield><marc:datafield ind1=" " ind2="0" tag="440"><marc:subfield code="a">Cole&#231;&#227;o Austreg&#233;silo de Athayde</marc:subfield><marc:subfield code="v">v. 14</marc:subfield></marc:datafield><marc:datafield ind1=" " ind2=" " tag="504"><marc:subfield code="a">Includes bibliographical references (p. [333]-342)</marc:subfield></marc:datafield><marc:datafield ind1="0" ind2=" " tag="505"><marc:subfield code="a">Pref&#225;cio / Sergio Paulo Rouanet -- Victor Hugo biografia a tra&#231;os largos / M&#250;cio Teixeira Hugonianas. Aos brasileiros / F&#233;lix Ferreira. Os brasileiros a Victor Hugo -- Homenagem. Victor Hugo Poema de M&#250;cio Teixeira -- Notas -- Obras de M&#250;cio Teixeira</marc:subfield></marc:datafield><marc:datafield ind1=" " ind2="7" tag="650"><marc:subfield code="a">LITERATURA FRANCESA (CR&#205;TICA E INTERPRETA&#199;&#195;O)</marc:subfield><marc:subfield code="2">larpcal</marc:subfield></marc:datafield><marc:datafield ind1=" " ind2="7" tag="650"><marc:subfield code="a">POESIA</marc:subfield><marc:subfield code="y">S&#201;CULO 19</marc:subfield><marc:subfield code="z">FRAN&#199;A</marc:subfield><marc:subfield code="2">larpcal</marc:subfield></marc:datafield><marc:datafield ind1="1" ind2=" " tag="700"><marc:subfield code="a">Teixeira, Mucio Scoevola Lopes</marc:subfield><marc:subfield code="d">1857-1926</marc:subfield><marc:subfield code="4">org</marc:subfield></marc:datafield><marc:datafield ind1="1" ind2=" " tag="700"><marc:subfield code="a">Rouanet, S&#233;rgio Paulo</marc:subfield><marc:subfield code="4">pref</marc:subfield></marc:datafield><marc:datafield ind1="2" ind2=" " tag="710"><marc:subfield code="a">Academia Brasileira de Letras</marc:subfield></marc:datafield><marc:datafield ind1=" " ind2=" " tag="945"><marc:subfield code="a">L</marc:subfield><marc:subfield code="b">LIVRO</marc:subfield><marc:subfield code="c">01</marc:subfield></marc:datafield></marc:record>