<marc:record><marc:leader>01815cam  2200397 a 4500</marc:leader><marc:controlfield tag="005">$$a2008100212194</marc:controlfield><marc:controlfield tag="008">030626s2002    bl a     b    000 0 por c</marc:controlfield><marc:datafield ind1=" " ind2=" " tag="010"><marc:subfield code="a">2005344577</marc:subfield></marc:datafield><marc:datafield ind1=" " ind2=" " tag="020"><marc:subfield code="a">8570601069</marc:subfield></marc:datafield><marc:datafield ind1=" " ind2=" " tag="020"><marc:subfield code="a">9788570601063</marc:subfield></marc:datafield><marc:datafield ind1=" " ind2=" " tag="035"><marc:subfield code="a">(OCoLC)ocm52536401</marc:subfield><marc:subfield code="z">(OCoLC)52536401</marc:subfield></marc:datafield><marc:datafield ind1=" " ind2=" " tag="040"><marc:subfield code="a">IQU</marc:subfield><marc:subfield code="c">STF</marc:subfield><marc:subfield code="d">IQU</marc:subfield><marc:subfield code="d">DLC</marc:subfield><marc:subfield code="d">OCLCG</marc:subfield></marc:datafield><marc:datafield ind1="0" ind2=" " tag="041"><marc:subfield code="a">por</marc:subfield></marc:datafield><marc:datafield ind1=" " ind2=" " tag="042"><marc:subfield code="a">pcc</marc:subfield></marc:datafield><marc:datafield ind1=" " ind2=" " tag="043"><marc:subfield code="a">s-bl---</marc:subfield></marc:datafield><marc:datafield ind1=" " ind2=" " tag="044"><marc:subfield code="a">bl</marc:subfield></marc:datafield><marc:datafield ind1="0" ind2="0" tag="050"><marc:subfield code="a">PQ9697.L59</marc:subfield><marc:subfield code="b">Z576 2002</marc:subfield></marc:datafield><marc:datafield ind1="1" ind2="4" tag="082"><marc:subfield code="a">869.3/41</marc:subfield><marc:subfield code="a">B</marc:subfield><marc:subfield code="2">22</marc:subfield></marc:datafield><marc:datafield ind1="0" ind2=" " tag="092"><marc:subfield code="a">869.965</marc:subfield></marc:datafield><marc:datafield ind1="1" ind2=" " tag="100"><marc:subfield code="a">Cassal, Sueli Tomazini Barros</marc:subfield></marc:datafield><marc:datafield ind1="1" ind2="0" tag="245"><marc:subfield code="a">Amigos escritos</marc:subfield><marc:subfield code="b">quarenta e cinco anos de correspond&#234;ncia liter&#225;ria entre Monteiro Lobato e Godofredo Rangel ; Monteiro Lobato, um utopista na Jecatatu&#225;sia (ensaio)</marc:subfield><marc:subfield code="c">Sueli Tomazini Barros Cassal</marc:subfield></marc:datafield><marc:datafield ind1="3" ind2="0" tag="246"><marc:subfield code="a">Quarenta e cinco anos de correspond&#234;ncia liter&#225;ria entre Monteiro Lobato e Godofredo Rangel</marc:subfield></marc:datafield><marc:datafield ind1="1" ind2="4" tag="246"><marc:subfield code="a">Amigos escritos</marc:subfield><marc:subfield code="b">correspond&#234;ncia liter&#225;ria entre Monteiro Lobato e Godofredo Rangel</marc:subfield></marc:datafield><marc:datafield ind1=" " ind2=" " tag="260"><marc:subfield code="a">S&#227;o Paulo</marc:subfield><marc:subfield code="b">Oficina do Libro Rubens Borba de Moraes</marc:subfield><marc:subfield code="b">Imprensa Oficial do Estado</marc:subfield><marc:subfield code="c">2002</marc:subfield></marc:datafield><marc:datafield ind1=" " ind2=" " tag="300"><marc:subfield code="a">246 p</marc:subfield><marc:subfield code="b">ill</marc:subfield><marc:subfield code="c">21 cm</marc:subfield></marc:datafield><marc:datafield ind1="1" ind2=" " tag="490"><marc:subfield code="a">Mem&#243;ria brasileira</marc:subfield><marc:subfield code="v">v. 35</marc:subfield></marc:datafield><marc:datafield ind1=" " ind2=" " tag="504"><marc:subfield code="a">Includes bibliographical references (p. 245-246)</marc:subfield></marc:datafield><marc:datafield ind1="1" ind2="7" tag="600"><marc:subfield code="a">Lobato, Jos&#233; Bento Monteiro</marc:subfield><marc:subfield code="d">1882-1948</marc:subfield><marc:subfield code="2">larpcal</marc:subfield></marc:datafield><marc:datafield ind1="1" ind2="7" tag="600"><marc:subfield code="a">Rangel, Godofredo</marc:subfield><marc:subfield code="d">1884-1951</marc:subfield><marc:subfield code="2">larpcal</marc:subfield></marc:datafield><marc:datafield ind1=" " ind2="0" tag="650"><marc:subfield code="a">Authors, Brazilian</marc:subfield><marc:subfield code="y">20th century</marc:subfield><marc:subfield code="x">Correspondence</marc:subfield><marc:subfield code="x">History and criticism.</marc:subfield></marc:datafield><marc:datafield ind1=" " ind2="7" tag="650"><marc:subfield code="a">LITERATURA BRASILEIRA (HIST&#211;RIA E CR&#205;TICA;CORRESPOND&#202;NCIAS E REMINISC&#202;NCIAS)</marc:subfield><marc:subfield code="y">S&#201;CULO 20</marc:subfield><marc:subfield code="2">larpcal</marc:subfield></marc:datafield><marc:datafield ind1=" " ind2="7" tag="650"><marc:subfield code="a">EPISTOLOGRAFIA</marc:subfield><marc:subfield code="2">larpcal</marc:subfield></marc:datafield><marc:datafield ind1="1" ind2="2" tag="700"><marc:subfield code="a">Cassal, Sueli Tomazini Barros.</marc:subfield><marc:subfield code="3">Monteiro Lobato, um utopista na Jecatatu&#225;sia.</marc:subfield></marc:datafield><marc:datafield ind1="0" ind2="2" tag="740"><marc:subfield code="a">Monteiro Lobato, um utopista na Jecatatu&#225;sia.</marc:subfield></marc:datafield><marc:datafield ind1=" " ind2="0" tag="830"><marc:subfield code="a">Memria brasileira (Oficina do Livro Rubens Borba de Moraes) ;</marc:subfield><marc:subfield code="v">35.</marc:subfield></marc:datafield><marc:datafield ind1=" " ind2=" " tag="945"><marc:subfield code="a">L</marc:subfield><marc:subfield code="b">LIVRO</marc:subfield><marc:subfield code="c">01</marc:subfield></marc:datafield></marc:record>