<marc:record><marc:leader>00809nam   200253Ia 45  </marc:leader><marc:controlfield tag="005">20151118181100.0</marc:controlfield><marc:controlfield tag="008">090305s2008    bl            000 0 por d</marc:controlfield><marc:datafield ind1=" " ind2=" " tag="020"><marc:subfield code="a">9788531411007 (EDUSP)</marc:subfield></marc:datafield><marc:datafield ind1=" " ind2=" " tag="020"><marc:subfield code="a">9788570606105 (Imprensa Oficial)</marc:subfield></marc:datafield><marc:datafield ind1=" " ind2=" " tag="040"><marc:subfield code="a">USP/SIBI</marc:subfield></marc:datafield><marc:datafield ind1="0" ind2=" " tag="041"><marc:subfield code="a">por</marc:subfield></marc:datafield><marc:datafield ind1=" " ind2=" " tag="044"><marc:subfield code="a">bl</marc:subfield></marc:datafield><marc:datafield ind1=" " ind2=" " tag="092"><marc:subfield code="a">770.952</marc:subfield></marc:datafield><marc:datafield ind1="1" ind2=" " tag="100"><marc:subfield code="a">Avancini, At&#237;lio</marc:subfield></marc:datafield><marc:datafield ind1="1" ind2="0" tag="245"><marc:subfield code="a">Entre gueixas e samurais</marc:subfield><marc:subfield code="b">fotografias e relatos de viagem</marc:subfield><marc:subfield code="c">At&#237;lio Avancini</marc:subfield></marc:datafield><marc:datafield ind1=" " ind2=" " tag="260"><marc:subfield code="a">S&#227;o Paulo</marc:subfield><marc:subfield code="b">EDUSP</marc:subfield><marc:subfield code="c">2008</marc:subfield><marc:subfield code="b">Imprensa Oficial</marc:subfield></marc:datafield><marc:datafield ind1=" " ind2=" " tag="300"><marc:subfield code="a">192 p</marc:subfield><marc:subfield code="b">il</marc:subfield></marc:datafield><marc:datafield ind1=" " ind2="7" tag="650"><marc:subfield code="a">FOTOGRAFIA</marc:subfield><marc:subfield code="y">S&#201;CULO 21</marc:subfield><marc:subfield code="z">JAP&#195;O</marc:subfield><marc:subfield code="2">larpcal</marc:subfield></marc:datafield><marc:datafield ind1=" " ind2="7" tag="651"><marc:subfield code="a">JAP&#195;O (DESCRI&#199;&#195;O E VIAGENS)</marc:subfield><marc:subfield code="2">larpcal</marc:subfield></marc:datafield><marc:datafield ind1=" " ind2="7" tag="656"><marc:subfield code="a">FOT&#211;GRAFOS</marc:subfield><marc:subfield code="y">S&#201;CULO 21</marc:subfield><marc:subfield code="z">BRASIL</marc:subfield><marc:subfield code="2">larpcal</marc:subfield></marc:datafield><marc:datafield ind1=" " ind2="7" tag="651"><marc:subfield code="a">JAP&#195;O</marc:subfield><marc:subfield code="x">VIDA COTIDIANA</marc:subfield><marc:subfield code="2">larpcal</marc:subfield></marc:datafield><marc:datafield ind1=" " ind2="7" tag="650"><marc:subfield code="a">SAMURAIS</marc:subfield></marc:datafield><marc:datafield ind1=" " ind2="7" tag="650"><marc:subfield code="a">FOTOGRAFIA EM PRETO E BRANCO</marc:subfield></marc:datafield><marc:datafield ind1=" " ind2=" " tag="945"><marc:subfield code="a">L</marc:subfield><marc:subfield code="b">LIVRO</marc:subfield><marc:subfield code="c">01</marc:subfield></marc:datafield></marc:record>