<marc:record><marc:leader>00625nam   200205Ia 45  </marc:leader><marc:controlfield tag="005">20110814045300.0</marc:controlfield><marc:controlfield tag="008">090311s2006    bl            000 0 por d</marc:controlfield><marc:datafield ind1=" " ind2=" " tag="020"><marc:subfield code="a">8585095474</marc:subfield></marc:datafield><marc:datafield ind1=" " ind2=" " tag="040"><marc:subfield code="a">USP/SIBI</marc:subfield></marc:datafield><marc:datafield ind1="0" ind2=" " tag="041"><marc:subfield code="a">por</marc:subfield></marc:datafield><marc:datafield ind1=" " ind2=" " tag="044"><marc:subfield code="a">bl</marc:subfield></marc:datafield><marc:datafield ind1=" " ind2=" " tag="092"><marc:subfield code="a">809.9356</marc:subfield></marc:datafield><marc:datafield ind1=" " ind2=" " tag="092"><marc:subfield code="a">869.909</marc:subfield></marc:datafield><marc:datafield ind1="1" ind2=" " tag="100"><marc:subfield code="a">S&#252;ssekind, Flora</marc:subfield><marc:subfield code="d">1955-</marc:subfield></marc:datafield><marc:datafield ind1="1" ind2="0" tag="245"><marc:subfield code="a">Cinemat&#243;grafo de letras</marc:subfield><marc:subfield code="b">literatura, t&#233;cnica e moderniza&#231;&#227;o no Brasil</marc:subfield><marc:subfield code="c">Flora S&#252;ssekind</marc:subfield></marc:datafield><marc:datafield ind1=" " ind2=" " tag="260"><marc:subfield code="a">S&#227;o Paulo</marc:subfield><marc:subfield code="b">Companhia das Letras</marc:subfield><marc:subfield code="c">2006</marc:subfield></marc:datafield><marc:datafield ind1=" " ind2=" " tag="300"><marc:subfield code="a">170 p</marc:subfield><marc:subfield code="b">il</marc:subfield><marc:subfield code="c">21 cm</marc:subfield></marc:datafield><marc:datafield ind1=" " ind2=" " tag="504"><marc:subfield code="a">Bibliografia</marc:subfield></marc:datafield><marc:datafield ind1=" " ind2="7" tag="650"><marc:subfield code="a">LITERATURA BRASILEIRA (HIST&#211;RIA E CR&#205;TICA)</marc:subfield><marc:subfield code="y">S&#201;CULO 20</marc:subfield><marc:subfield code="2">larpcal</marc:subfield></marc:datafield><marc:datafield ind1=" " ind2=" " tag="945"><marc:subfield code="a">L</marc:subfield><marc:subfield code="b">LIVRO</marc:subfield><marc:subfield code="c">01</marc:subfield></marc:datafield></marc:record>