<marc:record><marc:leader>02164cam  2200361Ia 4500</marc:leader><marc:controlfield tag="005">$$a2009031311513</marc:controlfield><marc:controlfield tag="008">080118s2006    bl abh   b    000 0apor d</marc:controlfield><marc:datafield ind1=" " ind2=" " tag="020"><marc:subfield code="a">8574011355 (pbk.)</marc:subfield></marc:datafield><marc:datafield ind1=" " ind2=" " tag="020"><marc:subfield code="a">9788574011356 (pbk.)</marc:subfield></marc:datafield><marc:datafield ind1=" " ind2=" " tag="035"><marc:subfield code="a">(OCoLC)ocn190958103</marc:subfield><marc:subfield code="z">(OCoLC)190958103</marc:subfield></marc:datafield><marc:datafield ind1=" " ind2=" " tag="040"><marc:subfield code="a">DGU</marc:subfield><marc:subfield code="c">DGU</marc:subfield><marc:subfield code="d">OCLCG</marc:subfield><marc:subfield code="d">RBN</marc:subfield></marc:datafield><marc:datafield ind1="0" ind2=" " tag="041"><marc:subfield code="a">por</marc:subfield></marc:datafield><marc:datafield ind1=" " ind2=" " tag="043"><marc:subfield code="a">sa-----</marc:subfield></marc:datafield><marc:datafield ind1=" " ind2=" " tag="044"><marc:subfield code="a">bl</marc:subfield></marc:datafield><marc:datafield ind1="1" ind2="4" tag="050"><marc:subfield code="a">F2230.1.M5</marc:subfield><marc:subfield code="b">F75 2006</marc:subfield></marc:datafield><marc:datafield ind1="0" ind2=" " tag="092"><marc:subfield code="a">271.53</marc:subfield></marc:datafield><marc:datafield ind1="1" ind2=" " tag="100"><marc:subfield code="a">Fritz, Samuel</marc:subfield><marc:subfield code="d">1654-1724?</marc:subfield></marc:datafield><marc:datafield ind1="1" ind2="2" tag="245"><marc:subfield code="a">O di&#225;rio do padre Samuel Fritz</marc:subfield><marc:subfield code="c">Renan Freitas Pinto, organizador</marc:subfield></marc:datafield><marc:datafield ind1=" " ind2=" " tag="260"><marc:subfield code="a">Manaus</marc:subfield><marc:subfield code="b">EDUA</marc:subfield><marc:subfield code="b">FSDB</marc:subfield><marc:subfield code="c">2006</marc:subfield></marc:datafield><marc:datafield ind1=" " ind2=" " tag="300"><marc:subfield code="a">272 p</marc:subfield><marc:subfield code="b">ill., 1 fold. map, facsims</marc:subfield><marc:subfield code="c">17 x 20 cm</marc:subfield></marc:datafield><marc:datafield ind1=" " ind2=" " tag="504"><marc:subfield code="a">Includes bibliographical references (p. 269-272).</marc:subfield></marc:datafield><marc:datafield ind1=" " ind2=" " tag="500"><marc:subfield code="a">"New edition of a work that heretofore has been easier to obtain in English (Journal of the travels and labours of Father Samuel Fritz in the River of the Amazons between 1688 and 1723 (1922) than in the original Spanish. A major source for the study of the historical geography of the Upper Amazon Basin as well as for the history of the Jesuit missions in the area"--Handbook of Latin American Studies, v. 58. http://www.loc.gov/hlas/</marc:subfield></marc:datafield><marc:datafield ind1="0" ind2=" " tag="505"><marc:subfield code="a">Introdu&#231;&#227;o / Rodolfo Garcia -- Di&#225;rio / Pe. Samuel Fritz -- Sobre Samuel Fritz -- O significado hist&#243;rico da obra de Samuel Fritz na vis&#227;o de Arthur C&#233;zar Ferreira Reis -- Introdu&#231;&#227;o &#224; edi&#231;&#227;o inglesa do Di&#225;rio de Samuel Fritz / George Edmundson -- Samuel Fritz / Renan Freitas Pinto -- Expans&#227;o portuguesa e as miss&#245;es do M&#233;dio Solim&#245;es / Priscila Faulhaber -- Fronteiras coloniais e Miss&#227;o Religiosa na Amaz&#244;nia Ib&#233;rica : o apostolado do jesu&#237;ta Samuel Fritz em Maynas (1686-1723) / Auxiliomar Silva Ugarte</marc:subfield></marc:datafield><marc:datafield ind1="1" ind2="0" tag="600"><marc:subfield code="a">Fritz, Samuel</marc:subfield><marc:subfield code="d">1654-1724?</marc:subfield></marc:datafield><marc:datafield ind1="2" ind2="0" tag="610"><marc:subfield code="a">Jesuits</marc:subfield></marc:datafield><marc:datafield ind1="2" ind2="0" tag="610"><marc:subfield code="a">Catholic Church</marc:subfield></marc:datafield><marc:datafield ind1=" " ind2="0" tag="650"><marc:subfield code="a">Indians of South America</marc:subfield><marc:subfield code="x">Missions</marc:subfield><marc:subfield code="z">Amazon River Valley</marc:subfield></marc:datafield><marc:datafield ind1=" " ind2="0" tag="650"><marc:subfield code="a">Indians of South America</marc:subfield><marc:subfield code="z">Amazon River Valley</marc:subfield><marc:subfield code="x">History</marc:subfield><marc:subfield code="y">17th century</marc:subfield></marc:datafield><marc:datafield ind1=" " ind2="7" tag="650"><marc:subfield code="a">MISS&#213;ES RELIGIOSAS</marc:subfield><marc:subfield code="z">AMAZONAS</marc:subfield><marc:subfield code="2">larpcal</marc:subfield></marc:datafield><marc:datafield ind1=" " ind2="7" tag="650"><marc:subfield code="a">JESU&#205;TAS (HIST&#211;RIA)</marc:subfield><marc:subfield code="z">AMAZONAS</marc:subfield><marc:subfield code="2">larpcal</marc:subfield></marc:datafield><marc:datafield ind1=" " ind2="7" tag="650"><marc:subfield code="a">&#205;NDIOS</marc:subfield><marc:subfield code="z">AMAZONAS</marc:subfield><marc:subfield code="2">larpcal</marc:subfield></marc:datafield><marc:datafield ind1="1" ind2=" " tag="700"><marc:subfield code="a">Pinto, Renan Freitas</marc:subfield><marc:subfield code="4">org</marc:subfield></marc:datafield><marc:datafield ind1=" " ind2=" " tag="945"><marc:subfield code="a">L</marc:subfield><marc:subfield code="b">LIVRO</marc:subfield><marc:subfield code="c">01</marc:subfield></marc:datafield></marc:record>