<marc:record><marc:leader>01040nam  2200277Mi 4500</marc:leader><marc:controlfield tag="005">$$a2009032314140</marc:controlfield><marc:controlfield tag="008">080213s2007    bl            000 0 por d</marc:controlfield><marc:datafield ind1=" " ind2=" " tag="020"><marc:subfield code="a">9788575036402</marc:subfield></marc:datafield><marc:datafield ind1=" " ind2=" " tag="020"><marc:subfield code="a">8575036408</marc:subfield></marc:datafield><marc:datafield ind1=" " ind2=" " tag="035"><marc:subfield code="a">(OCoLC)ocn254678512</marc:subfield><marc:subfield code="z">(OCoLC)254678512</marc:subfield></marc:datafield><marc:datafield ind1=" " ind2=" " tag="040"><marc:subfield code="a">GyGoGBV</marc:subfield><marc:subfield code="e">rakwb</marc:subfield><marc:subfield code="b">ger</marc:subfield><marc:subfield code="c">GBVCP</marc:subfield></marc:datafield><marc:datafield ind1="0" ind2=" " tag="041"><marc:subfield code="a">por</marc:subfield><marc:subfield code="a">eng</marc:subfield></marc:datafield><marc:datafield ind1=" " ind2=" " tag="044"><marc:subfield code="a">bl</marc:subfield></marc:datafield><marc:datafield ind1="0" ind2="4" tag="082"><marc:subfield code="a">709.81</marc:subfield></marc:datafield><marc:datafield ind1=" " ind2=" " tag="092"><marc:subfield code="a">709.81</marc:subfield></marc:datafield><marc:datafield ind1="1" ind2=" " tag="100"><marc:subfield code="a">Gullar, Ferreira</marc:subfield><marc:subfield code="q">(Jos&#233; Ribamar Ferreira)</marc:subfield><marc:subfield code="d">1930-2016</marc:subfield></marc:datafield><marc:datafield ind1="1" ind2="0" tag="245"><marc:subfield code="a">Experi&#234;ncia neoconcreta</marc:subfield><marc:subfield code="b">momento-limite da arte</marc:subfield><marc:subfield code="c">Ferreira Gullar</marc:subfield></marc:datafield><marc:datafield ind1=" " ind2=" " tag="260"><marc:subfield code="a">S&#227;o Paulo</marc:subfield><marc:subfield code="b">Cosac Naify</marc:subfield><marc:subfield code="c">2007</marc:subfield></marc:datafield><marc:datafield ind1=" " ind2=" " tag="300"><marc:subfield code="a">164 p</marc:subfield><marc:subfield code="b">20 il</marc:subfield><marc:subfield code="c">20 cm</marc:subfield><marc:subfield code="e">3 Beih., 1 Faltbl</marc:subfield></marc:datafield><marc:datafield ind1=" " ind2=" " tag="500"><marc:subfield code="a">Texto em portugu&#234;s e ingl&#234;s</marc:subfield></marc:datafield><marc:datafield ind1=" " ind2=" " tag="500"><marc:subfield code="a">FAU - Cole&#231;&#227;o Produ&#231;&#227;o Editorial</marc:subfield></marc:datafield><marc:datafield ind1="0" ind2=" " tag="505"><marc:subfield code="a">Acompanha edi&#231;&#227;o fac-simile do Cat&#225;logo da 1a. Exposi&#231;&#227;o Neoconcreta, realizada no Museu de Arte Moderna do Rio de Janeiro, em mar&#231;o de 1959</marc:subfield></marc:datafield><marc:datafield ind1=" " ind2="7" tag="650"><marc:subfield code="a">ARTE CONCRETA</marc:subfield><marc:subfield code="z">BRASIL</marc:subfield><marc:subfield code="2">larpcal</marc:subfield></marc:datafield><marc:datafield ind1=" " ind2="7" tag="650"><marc:subfield code="a">POESIA CONCRETA</marc:subfield><marc:subfield code="z">BRASIL</marc:subfield><marc:subfield code="2">larpcal</marc:subfield></marc:datafield><marc:datafield ind1=" " ind2="7" tag="650"><marc:subfield code="a">NEOCONCRETISMO</marc:subfield><marc:subfield code="z">BRASIL</marc:subfield><marc:subfield code="2">larpcal</marc:subfield></marc:datafield><marc:datafield ind1=" " ind2=" " tag="945"><marc:subfield code="a">L</marc:subfield><marc:subfield code="b">LIVRO</marc:subfield><marc:subfield code="c">01</marc:subfield></marc:datafield></marc:record>