<marc:record><marc:leader>01046nam   200241Ia 45  </marc:leader><marc:controlfield tag="005">20110814045500.0</marc:controlfield><marc:controlfield tag="008">      s2007    bl            000 0 por d</marc:controlfield><marc:datafield ind1=" " ind2=" " tag="020"><marc:subfield code="a">9788599796030</marc:subfield></marc:datafield><marc:datafield ind1=" " ind2=" " tag="040"><marc:subfield code="a">USP/SIBI</marc:subfield></marc:datafield><marc:datafield ind1="0" ind2=" " tag="041"><marc:subfield code="a">por</marc:subfield></marc:datafield><marc:datafield ind1=" " ind2=" " tag="044"><marc:subfield code="a">bl</marc:subfield></marc:datafield><marc:datafield ind1="1" ind2=" " tag="100"><marc:subfield code="a">Denis, Ferdinand</marc:subfield><marc:subfield code="d">1798-1890</marc:subfield></marc:datafield><marc:datafield ind1="1" ind2="4" tag="245"><marc:subfield code="a">Uma festa brasileira celebrada em Rouen em 1550</marc:subfield><marc:subfield code="b">teogonia dos antigos povos do Brasil, um fragmento do s&#233;culo XVI - poemas bras&#237;licos de Crist&#243;v&#227;o Valente</marc:subfield><marc:subfield code="c">Ferdinand Denis</marc:subfield></marc:datafield><marc:datafield ind1=" " ind2=" " tag="260"><marc:subfield code="a">S&#227;o Bernardo do Campo</marc:subfield><marc:subfield code="b">Bazar das Palavras/ Usina de Id&#233;ias</marc:subfield><marc:subfield code="c">2007</marc:subfield></marc:datafield><marc:datafield ind1=" " ind2=" " tag="300"><marc:subfield code="a">233 p.</marc:subfield></marc:datafield><marc:datafield ind1=" " ind2=" " tag="500"><marc:subfield code="a">Publicado originalmente em Paris em 1850; tradu&#231;&#227;o do tupi, pref&#225;cio e notas de Eduardo de Almeida Navarro; tradu&#231;&#227;o do franc&#234;s de J&#250;nia Guimar&#227;es Botelho</marc:subfield></marc:datafield><marc:datafield ind1=" " ind2=" " tag="546"><marc:subfield code="a">Edi&#231;&#227;o biling&#252;e: portugu&#234;s e franc&#234;s</marc:subfield></marc:datafield><marc:datafield ind1=" " ind2="7" tag="650"><marc:subfield code="a">ANTROPOLOGIA CULTURAL E SOCIAL</marc:subfield><marc:subfield code="z">BRASIL</marc:subfield><marc:subfield code="2">larpcal</marc:subfield></marc:datafield><marc:datafield ind1=" " ind2="7" tag="650"><marc:subfield code="a">&#205;NDIOS</marc:subfield><marc:subfield code="z">BRASIL</marc:subfield><marc:subfield code="2">larpcal</marc:subfield></marc:datafield><marc:datafield ind1=" " ind2="7" tag="650"><marc:subfield code="a">FESTAS</marc:subfield><marc:subfield code="2">larpcal</marc:subfield></marc:datafield><marc:datafield ind1="1" ind2=" " tag="700"><marc:subfield code="a">Navarro, Eduardo de Almeida</marc:subfield><marc:subfield code="4">trad</marc:subfield></marc:datafield><marc:datafield ind1="1" ind2=" " tag="700"><marc:subfield code="a">Botelho, J&#250;nia Guimar&#227;es</marc:subfield><marc:subfield code="4">trad</marc:subfield></marc:datafield><marc:datafield ind1=" " ind2=" " tag="945"><marc:subfield code="a">L</marc:subfield><marc:subfield code="b">LIVRO</marc:subfield><marc:subfield code="c">01</marc:subfield></marc:datafield></marc:record>