<marc:record><marc:leader>02322cam  2200409 a 4500</marc:leader><marc:controlfield tag="005">$$a2009040714144</marc:controlfield><marc:controlfield tag="008">080805s2007    bl a     b    000 0 por d</marc:controlfield><marc:datafield ind1=" " ind2=" " tag="010"><marc:subfield code="a">2008318458</marc:subfield></marc:datafield><marc:datafield ind1=" " ind2=" " tag="019"><marc:subfield code="a">232975220</marc:subfield></marc:datafield><marc:datafield ind1=" " ind2=" " tag="020"><marc:subfield code="a">9788526807716</marc:subfield></marc:datafield><marc:datafield ind1=" " ind2=" " tag="020"><marc:subfield code="a">8526807714</marc:subfield></marc:datafield><marc:datafield ind1=" " ind2=" " tag="035"><marc:subfield code="a">(OCoLC)ocn233541891</marc:subfield><marc:subfield code="z">(OCoLC)233541891</marc:subfield></marc:datafield><marc:datafield ind1=" " ind2=" " tag="040"><marc:subfield code="a">CUY</marc:subfield><marc:subfield code="c">CUY</marc:subfield><marc:subfield code="d">DLC</marc:subfield><marc:subfield code="d">MNU</marc:subfield><marc:subfield code="d">EMU</marc:subfield></marc:datafield><marc:datafield ind1="0" ind2=" " tag="041"><marc:subfield code="a">por</marc:subfield></marc:datafield><marc:datafield ind1=" " ind2=" " tag="042"><marc:subfield code="a">lccopycat</marc:subfield><marc:subfield code="a">lcode</marc:subfield></marc:datafield><marc:datafield ind1=" " ind2=" " tag="043"><marc:subfield code="a">s-bl---</marc:subfield></marc:datafield><marc:datafield ind1=" " ind2=" " tag="044"><marc:subfield code="a">bl</marc:subfield></marc:datafield><marc:datafield ind1="0" ind2="0" tag="050"><marc:subfield code="a">GN254</marc:subfield><marc:subfield code="b">.V53 2007</marc:subfield></marc:datafield><marc:datafield ind1="0" ind2=" " tag="092"><marc:subfield code="a">301.451</marc:subfield></marc:datafield><marc:datafield ind1="1" ind2=" " tag="100"><marc:subfield code="a">Viana, Larissa</marc:subfield><marc:subfield code="d">1971-</marc:subfield></marc:datafield><marc:datafield ind1="1" ind2="2" tag="245"><marc:subfield code="a">O idioma da mesti&#231;agem</marc:subfield><marc:subfield code="b">as irmandades de pardos na Am&#233;rica portuguesa</marc:subfield><marc:subfield code="c">Larissa Viana</marc:subfield></marc:datafield><marc:datafield ind1=" " ind2=" " tag="260"><marc:subfield code="a">Campinas</marc:subfield><marc:subfield code="b">Editora UNICAMP</marc:subfield><marc:subfield code="c">c2007</marc:subfield></marc:datafield><marc:datafield ind1=" " ind2=" " tag="300"><marc:subfield code="a">238 p.</marc:subfield><marc:subfield code="b">ill.</marc:subfield><marc:subfield code="c">21 cm.</marc:subfield></marc:datafield><marc:datafield ind1=" " ind2="0" tag="490"><marc:subfield code="a">Coleo vrias histrias</marc:subfield><marc:subfield code="v">26</marc:subfield></marc:datafield><marc:datafield ind1=" " ind2=" " tag="500"><marc:subfield code="a">Modified version of the author\'s thesis (doctoral)--Universidade Federal Fluminense, 2004</marc:subfield></marc:datafield><marc:datafield ind1=" " ind2=" " tag="504"><marc:subfield code="a">Includes bibliographical references (p. 231-238)</marc:subfield></marc:datafield><marc:datafield ind1=" " ind2=" " tag="520"><marc:subfield code="a">"A hist&#243;ria das irmandades religiosas no Brasil colonial abre uma janela para a compreens&#227;o de identidades, alian&#231;as, conflitos e tens&#245;es que permeavam a sociedade escravista. Este livro examina especialmente a forma&#231;&#227;o das irmandades de pardos na Am&#233;rica portuguesa. Estimulando a cria&#231;&#227;o de devo&#231;&#245;es pr&#243;prias, essas institui&#231;&#245;es se espalharam por diferentes cidades coloniais entre os s&#233;culos XVII e XVIII e oferecem ao historiador a possibilidade de pensar sobre algumas quest&#245;es relevantes para esse per&#237;odo: Quem eram os devotos pardos? Suas agremia&#231;&#245;es desafiavam, ainda que simbolicamente, as hierarquias coloniais fundadas sobre as no&#231;&#245;es de honra e ascend&#234;ncia? Como elas se inseriam naquela sociedade? Mesti&#231;agem, identidades e hierarquias sociais s&#227;o temas privilegiados neste livro, que, baseado em uma pesquisa documental in&#233;dita, ilumina a din&#226;mica das rela&#231;&#245;es entre religi&#227;o e sociedade no Brasil escravista."</marc:subfield></marc:datafield><marc:datafield ind1=" " ind2="0" tag="650"><marc:subfield code="a">Miscegenation</marc:subfield><marc:subfield code="z">Brazil</marc:subfield></marc:datafield><marc:datafield ind1=" " ind2="0" tag="650"><marc:subfield code="a">Race relations</marc:subfield><marc:subfield code="z">Brazil</marc:subfield></marc:datafield><marc:datafield ind1=" " ind2="0" tag="650"><marc:subfield code="a">Slavery</marc:subfield><marc:subfield code="z">Brazil</marc:subfield></marc:datafield><marc:datafield ind1=" " ind2="0" tag="650"><marc:subfield code="a">Brotherhoods</marc:subfield><marc:subfield code="z">Brazil</marc:subfield><marc:subfield code="z">Rio de Janeiro</marc:subfield></marc:datafield><marc:datafield ind1=" " ind2="7" tag="650"><marc:subfield code="a">NEGROS (HIST&#211;RIA)</marc:subfield><marc:subfield code="z">BRASIL</marc:subfield><marc:subfield code="2">larpcal</marc:subfield></marc:datafield><marc:datafield ind1=" " ind2="7" tag="650"><marc:subfield code="a">MISCIGENA&#199;&#195;O</marc:subfield><marc:subfield code="z">BRASIL</marc:subfield><marc:subfield code="2">larpcal</marc:subfield></marc:datafield><marc:datafield ind1=" " ind2="7" tag="650"><marc:subfield code="a">RELIGIOSIDADE POPULAR</marc:subfield><marc:subfield code="z">BRASIL</marc:subfield><marc:subfield code="2">larpcal</marc:subfield></marc:datafield><marc:datafield ind1=" " ind2="7" tag="650"><marc:subfield code="a">IRMANDADES (HIST&#211;RIA)</marc:subfield><marc:subfield code="z">BRASIL</marc:subfield><marc:subfield code="2">larpcal</marc:subfield></marc:datafield><marc:datafield ind1=" " ind2="7" tag="650"><marc:subfield code="a">ESCRAVID&#195;O</marc:subfield><marc:subfield code="z">BRASIL</marc:subfield><marc:subfield code="2">larpcal</marc:subfield></marc:datafield><marc:datafield ind1=" " ind2=" " tag="945"><marc:subfield code="a">L</marc:subfield><marc:subfield code="b">LIVRO</marc:subfield><marc:subfield code="c">01</marc:subfield></marc:datafield></marc:record>