<marc:record><marc:leader>01262cam  2200289Mi 4500</marc:leader><marc:controlfield tag="005">$$a2009041310093</marc:controlfield><marc:controlfield tag="008">080208s2007    xx            000 0 por d</marc:controlfield><marc:datafield ind1=" " ind2=" " tag="020"><marc:subfield code="a">9788535909937</marc:subfield></marc:datafield><marc:datafield ind1=" " ind2=" " tag="020"><marc:subfield code="a">8535909931</marc:subfield></marc:datafield><marc:datafield ind1=" " ind2=" " tag="035"><marc:subfield code="a">(OCoLC)ocn239027187</marc:subfield><marc:subfield code="z">(OCoLC)239027187</marc:subfield></marc:datafield><marc:datafield ind1=" " ind2=" " tag="040"><marc:subfield code="a">GEBAY</marc:subfield><marc:subfield code="b">ger</marc:subfield><marc:subfield code="c">GEBAY</marc:subfield></marc:datafield><marc:datafield ind1="0" ind2=" " tag="041"><marc:subfield code="a">por</marc:subfield></marc:datafield><marc:datafield ind1=" " ind2=" " tag="044"><marc:subfield code="a">bl</marc:subfield></marc:datafield><marc:datafield ind1="0" ind2=" " tag="092"><marc:subfield code="a">869.93092</marc:subfield></marc:datafield><marc:datafield ind1="1" ind2=" " tag="100"><marc:subfield code="a">Rouanet, Sergio Paulo</marc:subfield></marc:datafield><marc:datafield ind1="1" ind2="0" tag="245"><marc:subfield code="a">Riso e melancolia</marc:subfield><marc:subfield code="b">a forma shandiana em Sterne, Diderot, Xavier de Maistre, Almeida Garrett e Machado de Assis</marc:subfield><marc:subfield code="c">Sergio Paulo Rouanet</marc:subfield></marc:datafield><marc:datafield ind1=" " ind2=" " tag="260"><marc:subfield code="a">S&#227;o Paulo</marc:subfield><marc:subfield code="b">Co. das Letras</marc:subfield><marc:subfield code="c">2007</marc:subfield></marc:datafield><marc:datafield ind1=" " ind2=" " tag="300"><marc:subfield code="a">254 p</marc:subfield><marc:subfield code="c">21 cm</marc:subfield></marc:datafield><marc:datafield ind1=" " ind2=" " tag="504"><marc:subfield code="a">Includes bibliographical references</marc:subfield></marc:datafield><marc:datafield ind1="1" ind2="7" tag="600"><marc:subfield code="a">Assis, Machado de</marc:subfield><marc:subfield code="d">1839-1908</marc:subfield></marc:datafield><marc:datafield ind1="1" ind2="7" tag="600"><marc:subfield code="a">Sterne</marc:subfield></marc:datafield><marc:datafield ind1="1" ind2="7" tag="600"><marc:subfield code="a">Diderot, Denis</marc:subfield><marc:subfield code="d">1713-1784</marc:subfield></marc:datafield><marc:datafield ind1="0" ind2="7" tag="600"><marc:subfield code="a">Xavier de Maistre</marc:subfield></marc:datafield><marc:datafield ind1="1" ind2="7" tag="600"><marc:subfield code="a">Garrett, Almeida</marc:subfield><marc:subfield code="d">1799-1854</marc:subfield></marc:datafield><marc:datafield ind1=" " ind2="7" tag="650"><marc:subfield code="a">LITERATURA BRASILEIRA (CR&#205;TICA E INTERPRETA&#199;&#195;O)</marc:subfield><marc:subfield code="2">larpcal</marc:subfield></marc:datafield><marc:datafield ind1="0" ind2=" " tag="653"><marc:subfield code="a">Sterne, Laurence / The life and opinions of Tristram Shandy</marc:subfield><marc:subfield code="a">Erz&#228;hltechnik</marc:subfield><marc:subfield code="a">Rezeption</marc:subfield><marc:subfield code="a">Maistre, Xavier de (Schriftsteller)</marc:subfield><marc:subfield code="a">Garrett, Jo&#227;o Baptista da Silva Leit&#227;o de Almeida / Viagens na minha terra</marc:subfield><marc:subfield code="a">Assis, Joaquim Maria de / Mem&#243;rias p&#243;stumas de Br&#225;s Cubas</marc:subfield><marc:subfield code="a">Diderot, Denis / Jacques le fataliste et son ma&#238;tre</marc:subfield></marc:datafield><marc:datafield ind1=" " ind2=" " tag="945"><marc:subfield code="a">L</marc:subfield><marc:subfield code="b">LIVRO</marc:subfield><marc:subfield code="c">01</marc:subfield></marc:datafield></marc:record>