<marc:record><marc:leader>01223cam  2200361Ia 4500</marc:leader><marc:controlfield tag="005">$$a2009041614542</marc:controlfield><marc:controlfield tag="008">080904s2008    bl a     b    001 0 por d</marc:controlfield><marc:datafield ind1=" " ind2=" " tag="020"><marc:subfield code="a">9788535912005</marc:subfield></marc:datafield><marc:datafield ind1=" " ind2=" " tag="020"><marc:subfield code="a">8535912002</marc:subfield></marc:datafield><marc:datafield ind1=" " ind2=" " tag="035"><marc:subfield code="a">(OCoLC)ocn262880999</marc:subfield><marc:subfield code="z">(OCoLC)262880999</marc:subfield></marc:datafield><marc:datafield ind1=" " ind2=" " tag="040"><marc:subfield code="a">MNU</marc:subfield><marc:subfield code="c">MNU</marc:subfield><marc:subfield code="d">IXA</marc:subfield></marc:datafield><marc:datafield ind1="0" ind2=" " tag="041"><marc:subfield code="a">por</marc:subfield></marc:datafield><marc:datafield ind1=" " ind2=" " tag="043"><marc:subfield code="a">s-bl---</marc:subfield></marc:datafield><marc:datafield ind1=" " ind2=" " tag="044"><marc:subfield code="a">bl</marc:subfield></marc:datafield><marc:datafield ind1=" " ind2="4" tag="050"><marc:subfield code="a">U55.O83</marc:subfield><marc:subfield code="b">D67 2008</marc:subfield></marc:datafield><marc:datafield ind1="0" ind2=" " tag="092"><marc:subfield code="a">923.5</marc:subfield><marc:subfield code="b">O92d</marc:subfield></marc:datafield><marc:datafield ind1="1" ind2=" " tag="100"><marc:subfield code="a">Doratioto, Francisco</marc:subfield><marc:subfield code="d">1956-</marc:subfield></marc:datafield><marc:datafield ind1="1" ind2="0" tag="245"><marc:subfield code="a">General Osorio</marc:subfield><marc:subfield code="c">por Francisco Doratioto ; coordena&#231;&#227;o, Elio Gaspari e Lilia M. Schwarcz</marc:subfield></marc:datafield><marc:datafield ind1="3" ind2="5" tag="246"><marc:subfield code="a">General Osorio</marc:subfield><marc:subfield code="b">a espada liberal do Imp&#233;rio</marc:subfield></marc:datafield><marc:datafield ind1=" " ind2=" " tag="260"><marc:subfield code="a">S&#227;o Paulo</marc:subfield><marc:subfield code="b">Companhia das Letras</marc:subfield><marc:subfield code="c">2008</marc:subfield></marc:datafield><marc:datafield ind1=" " ind2=" " tag="300"><marc:subfield code="a">262 p.</marc:subfield><marc:subfield code="b">ill.</marc:subfield><marc:subfield code="c">21 cm.</marc:subfield></marc:datafield><marc:datafield ind1="1" ind2=" " tag="490"><marc:subfield code="a">Perfis brasileiros</marc:subfield></marc:datafield><marc:datafield ind1=" " ind2=" " tag="504"><marc:subfield code="a">Includes bibliographical references and index</marc:subfield></marc:datafield><marc:datafield ind1="1" ind2="7" tag="600"><marc:subfield code="a">Os&#243;rio, Manuel Luis</marc:subfield><marc:subfield code="c">Marqu&#234;s do Herval</marc:subfield><marc:subfield code="d">1808-1879</marc:subfield></marc:datafield><marc:datafield ind1=" " ind2="7" tag="650"><marc:subfield code="a">BIOGRAFIAS</marc:subfield><marc:subfield code="2">larpcal</marc:subfield></marc:datafield><marc:datafield ind1=" " ind2="7" tag="650"><marc:subfield code="a">MILITARES</marc:subfield></marc:datafield><marc:datafield ind1=" " ind2="7" tag="650"><marc:subfield code="a">HIST&#211;RIA DO BRASIL</marc:subfield><marc:subfield code="2">larpcal</marc:subfield></marc:datafield><marc:datafield ind1=" " ind2="7" tag="650"><marc:subfield code="a">SEGUNDO REINADO (1840-1889)</marc:subfield><marc:subfield code="2">larpcal</marc:subfield></marc:datafield><marc:datafield ind1=" " ind2="7" tag="650"><marc:subfield code="a">GUERRA DO PARAGUAI</marc:subfield><marc:subfield code="2">larpcal</marc:subfield></marc:datafield><marc:datafield ind1="1" ind2=" " tag="700"><marc:subfield code="a">Gaspari, Elio</marc:subfield><marc:subfield code="4">coord</marc:subfield></marc:datafield><marc:datafield ind1="1" ind2=" " tag="700"><marc:subfield code="a">Schwarcz, Lilia Moritz</marc:subfield><marc:subfield code="4">coord</marc:subfield></marc:datafield><marc:datafield ind1=" " ind2="0" tag="830"><marc:subfield code="a">Perfis brasileiros (Companhia das Letras (Firm))</marc:subfield></marc:datafield><marc:datafield ind1=" " ind2=" " tag="945"><marc:subfield code="a">L</marc:subfield><marc:subfield code="b">LIVRO</marc:subfield><marc:subfield code="c">01</marc:subfield></marc:datafield></marc:record>