<marc:record><marc:leader>01353nam  22003494a 45 0</marc:leader><marc:controlfield tag="005">$$a2009042710523</marc:controlfield><marc:controlfield tag="008">081016s2007    bl       b    000 0 por c</marc:controlfield><marc:datafield ind1=" " ind2=" " tag="010"><marc:subfield code="a">2008318881</marc:subfield></marc:datafield><marc:datafield ind1=" " ind2=" " tag="020"><marc:subfield code="a">9788574197760</marc:subfield></marc:datafield><marc:datafield ind1=" " ind2=" " tag="020"><marc:subfield code="a">8574197769</marc:subfield></marc:datafield><marc:datafield ind1=" " ind2=" " tag="035"><marc:subfield code="a">(OCoLC)ocn217155055</marc:subfield><marc:subfield code="z">(OCoLC)217155055</marc:subfield></marc:datafield><marc:datafield ind1=" " ind2=" " tag="040"><marc:subfield code="a">BR-RjSB</marc:subfield><marc:subfield code="c">N15</marc:subfield><marc:subfield code="d">DLC</marc:subfield></marc:datafield><marc:datafield ind1="0" ind2=" " tag="041"><marc:subfield code="a">por</marc:subfield></marc:datafield><marc:datafield ind1=" " ind2=" " tag="042"><marc:subfield code="a">pcc</marc:subfield><marc:subfield code="a">lcode</marc:subfield></marc:datafield><marc:datafield ind1=" " ind2=" " tag="043"><marc:subfield code="a">s-bl---</marc:subfield></marc:datafield><marc:datafield ind1=" " ind2=" " tag="044"><marc:subfield code="a">bl</marc:subfield></marc:datafield><marc:datafield ind1="0" ind2="0" tag="050"><marc:subfield code="a">F2537</marc:subfield><marc:subfield code="b">.M92 2007</marc:subfield></marc:datafield><marc:datafield ind1="0" ind2=" " tag="092"><marc:subfield code="a">981.05</marc:subfield></marc:datafield><marc:datafield ind1="1" ind2=" " tag="100"><marc:subfield code="a">Murari, Luciana</marc:subfield></marc:datafield><marc:datafield ind1="1" ind2="1" tag="245"><marc:subfield code="a">"Brasil, fic&#231;&#227;o geogr&#225;fica"</marc:subfield><marc:subfield code="b">ci&#234;ncia e nacionalidade no pa&#237;s d\'Os Sert&#245;es</marc:subfield><marc:subfield code="c">Luciana Murari</marc:subfield></marc:datafield><marc:datafield ind1=" " ind2=" " tag="260"><marc:subfield code="a">S&#227;o Paulo</marc:subfield><marc:subfield code="b">Annablume;</marc:subfield><marc:subfield code="c">2007</marc:subfield><marc:subfield code="a">Belo Horizonte, MG</marc:subfield><marc:subfield code="b">FAPEMIG</marc:subfield></marc:datafield><marc:datafield ind1=" " ind2=" " tag="300"><marc:subfield code="a">233 p</marc:subfield><marc:subfield code="c">21 cm</marc:subfield></marc:datafield><marc:datafield ind1="1" ind2=" " tag="490"><marc:subfield code="a">Olhares</marc:subfield></marc:datafield><marc:datafield ind1=" " ind2=" " tag="500"><marc:subfield code="a">Revised edition of the author\'s thesis (master\'s)--Programa de P&#243;s-Gradua&#231;&#227;o em Hist&#243;ria da Universidade Federal de Minas Gerais, 1995</marc:subfield></marc:datafield><marc:datafield ind1=" " ind2=" " tag="504"><marc:subfield code="a">Includes bibliographical references (p. [221]-233)</marc:subfield></marc:datafield><marc:datafield ind1="1" ind2="7" tag="600"><marc:subfield code="a">Cunha, Euclides da</marc:subfield><marc:subfield code="d">1866-1909</marc:subfield><marc:subfield code="2">larpcal</marc:subfield><marc:subfield code="3">Os Sert&#245;es</marc:subfield></marc:datafield><marc:datafield ind1=" " ind2="7" tag="650"><marc:subfield code="a">HIST&#211;RIA SOCIAL DAS IDEIAS</marc:subfield><marc:subfield code="y">1870-1914</marc:subfield><marc:subfield code="z">BRASIL</marc:subfield><marc:subfield code="2">larpcal</marc:subfield></marc:datafield><marc:datafield ind1=" " ind2="7" tag="650"><marc:subfield code="a">IDENTIDADE NACIONAL (FORMA&#199;&#195;O)</marc:subfield><marc:subfield code="y">S&#201;CULO 19;S&#201;CULO 20</marc:subfield><marc:subfield code="z">BRASIL</marc:subfield><marc:subfield code="2">larpcal</marc:subfield></marc:datafield><marc:datafield ind1=" " ind2="7" tag="650"><marc:subfield code="a">INTELECTUALIDADE (ASPECTOS CIENT&#205;FICOS)</marc:subfield><marc:subfield code="y">S&#201;CULO 19</marc:subfield><marc:subfield code="z">BRASIL</marc:subfield><marc:subfield code="2">larpcal</marc:subfield></marc:datafield><marc:datafield ind1="1" ind2=" " tag="700"><marc:subfield code="a">Dutra, Eliana de Freitas</marc:subfield><marc:subfield code="4">pref</marc:subfield></marc:datafield><marc:datafield ind1=" " ind2="0" tag="830"><marc:subfield code="a">Olhares (So Paulo, Brazil)</marc:subfield></marc:datafield><marc:datafield ind1=" " ind2=" " tag="945"><marc:subfield code="a">L</marc:subfield><marc:subfield code="b">LIVRO</marc:subfield><marc:subfield code="c">01</marc:subfield></marc:datafield></marc:record>