<marc:record><marc:leader>01406cam  2200349Ia 4500</marc:leader><marc:controlfield tag="005">$$a2009052110421</marc:controlfield><marc:controlfield tag="008">080213s2007    bl a     b    000 0 por d</marc:controlfield><marc:datafield ind1=" " ind2=" " tag="020"><marc:subfield code="a">9788576653042</marc:subfield></marc:datafield><marc:datafield ind1=" " ind2=" " tag="020"><marc:subfield code="a">8576653044</marc:subfield></marc:datafield><marc:datafield ind1=" " ind2=" " tag="035"><marc:subfield code="a">(OCoLC)ocn192009011</marc:subfield><marc:subfield code="z">(OCoLC)192009011</marc:subfield></marc:datafield><marc:datafield ind1=" " ind2=" " tag="040"><marc:subfield code="a">NTG</marc:subfield><marc:subfield code="c">NTG</marc:subfield><marc:subfield code="d">COD</marc:subfield><marc:subfield code="d">PIT</marc:subfield></marc:datafield><marc:datafield ind1="0" ind2=" " tag="041"><marc:subfield code="a">por</marc:subfield></marc:datafield><marc:datafield ind1=" " ind2=" " tag="044"><marc:subfield code="a">bl</marc:subfield></marc:datafield><marc:datafield ind1="0" ind2=" " tag="092"><marc:subfield code="a">305.56098113</marc:subfield></marc:datafield><marc:datafield ind1="0" ind2=" " tag="092"><marc:subfield code="a">333.318115</marc:subfield></marc:datafield><marc:datafield ind1="1" ind2=" " tag="100"><marc:subfield code="a">Nepomuceno, Eric</marc:subfield><marc:subfield code="d">1948-</marc:subfield></marc:datafield><marc:datafield ind1="1" ind2="2" tag="245"><marc:subfield code="a">O massacre</marc:subfield><marc:subfield code="b">Eldorado do Caraj&#225;s : uma hist&#243;ria de impunidade</marc:subfield><marc:subfield code="c">Eric Nepomuceno ; [fotos Sebasti&#227;o Salgado]</marc:subfield></marc:datafield><marc:datafield ind1="3" ind2="0" tag="246"><marc:subfield code="a">Eldorado do Caraj&#225;s</marc:subfield><marc:subfield code="b">uma hist&#243;ria de impunidade</marc:subfield></marc:datafield><marc:datafield ind1=" " ind2=" " tag="260"><marc:subfield code="a">S&#227;o Paulo</marc:subfield><marc:subfield code="b">Planeta do Brasil</marc:subfield><marc:subfield code="c">2007</marc:subfield></marc:datafield><marc:datafield ind1=" " ind2=" " tag="300"><marc:subfield code="a">214 p</marc:subfield><marc:subfield code="b">il</marc:subfield><marc:subfield code="c">23 cm</marc:subfield></marc:datafield><marc:datafield ind1=" " ind2=" " tag="504"><marc:subfield code="a">Bibliografia</marc:subfield></marc:datafield><marc:datafield ind1=" " ind2="0" tag="650"><marc:subfield code="a">Massacres</marc:subfield><marc:subfield code="z">Brazil</marc:subfield><marc:subfield code="z">Eldorado de Caraj&#225;s</marc:subfield></marc:datafield><marc:datafield ind1=" " ind2="0" tag="650"><marc:subfield code="a">Migrant labor</marc:subfield><marc:subfield code="x">Violence against</marc:subfield><marc:subfield code="z">Brazil</marc:subfield><marc:subfield code="z">Eldorado de Caraj&#225;s</marc:subfield></marc:datafield><marc:datafield ind1=" " ind2="7" tag="650"><marc:subfield code="a">MOVIMENTO DOS SEM-TERRA</marc:subfield><marc:subfield code="y">1996</marc:subfield><marc:subfield code="z">ELDORADO DOS CARAJ&#193;S (PA)</marc:subfield><marc:subfield code="2">larpcal</marc:subfield></marc:datafield><marc:datafield ind1=" " ind2="7" tag="650"><marc:subfield code="a">REFORMA AGR&#193;RIA</marc:subfield><marc:subfield code="z">PAR&#193;;ELDORADO DOS CARAJ&#193;S (PA)</marc:subfield><marc:subfield code="2">larpcal</marc:subfield></marc:datafield><marc:datafield ind1=" " ind2="7" tag="650"><marc:subfield code="a">TRABALHADOR RURAL</marc:subfield><marc:subfield code="z">ELDORADO DOS CARAJ&#193;S (PA)</marc:subfield><marc:subfield code="2">larpcal</marc:subfield></marc:datafield><marc:datafield ind1=" " ind2="7" tag="650"><marc:subfield code="a">VIOL&#202;NCIA</marc:subfield><marc:subfield code="z">ELDORADO DOS CARAJ&#193;S (PA)</marc:subfield><marc:subfield code="2">larpcal</marc:subfield></marc:datafield><marc:datafield ind1=" " ind2="7" tag="650"><marc:subfield code="a">MOVIMENTOS SOCIAIS RURAIS</marc:subfield><marc:subfield code="z">ELDORADO DOS CARAJ&#193;S (PA)</marc:subfield><marc:subfield code="2">larpcal</marc:subfield></marc:datafield><marc:datafield ind1=" " ind2="7" tag="650"><marc:subfield code="a">POSSE DA TERRA</marc:subfield><marc:subfield code="z">ELDORADO DOS CARAJ&#193;S (PA)</marc:subfield><marc:subfield code="2">larpcal</marc:subfield></marc:datafield><marc:datafield ind1=" " ind2="7" tag="650"><marc:subfield code="a">JORNALISMO INVESTIGATIVO</marc:subfield><marc:subfield code="z">BRASIL</marc:subfield><marc:subfield code="2">larpcal</marc:subfield></marc:datafield><marc:datafield ind1="1" ind2=" " tag="700"><marc:subfield code="a">Salgado, Sebasti&#227;o</marc:subfield><marc:subfield code="d">1944-</marc:subfield><marc:subfield code="4">fotog</marc:subfield></marc:datafield><marc:datafield ind1=" " ind2=" " tag="945"><marc:subfield code="a">L</marc:subfield><marc:subfield code="b">LIVRO</marc:subfield><marc:subfield code="c">01</marc:subfield></marc:datafield></marc:record>