<marc:record><marc:leader>00861nam  2200253Mi 4500</marc:leader><marc:controlfield tag="005">$$a2009052210050</marc:controlfield><marc:controlfield tag="008">070626s2006    bl            000 0 por d</marc:controlfield><marc:datafield ind1=" " ind2=" " tag="020"><marc:subfield code="a">8521000871</marc:subfield></marc:datafield><marc:datafield ind1=" " ind2=" " tag="020"><marc:subfield code="a">9788521000877</marc:subfield></marc:datafield><marc:datafield ind1="8" ind2=" " tag="024"><marc:subfield code="a">BVBTBV022428334</marc:subfield></marc:datafield><marc:datafield ind1=" " ind2=" " tag="035"><marc:subfield code="a">(OCoLC)ocn255758401</marc:subfield><marc:subfield code="z">(OCoLC)255758401</marc:subfield></marc:datafield><marc:datafield ind1=" " ind2=" " tag="040"><marc:subfield code="a">GyGoGBV</marc:subfield><marc:subfield code="e">rakwb</marc:subfield><marc:subfield code="b">ger</marc:subfield><marc:subfield code="c">GBVCP</marc:subfield></marc:datafield><marc:datafield ind1="0" ind2=" " tag="041"><marc:subfield code="a">por</marc:subfield></marc:datafield><marc:datafield ind1=" " ind2=" " tag="044"><marc:subfield code="a">bl</marc:subfield></marc:datafield><marc:datafield ind1="0" ind2=" " tag="092"><marc:subfield code="a">869.915</marc:subfield></marc:datafield><marc:datafield ind1="1" ind2=" " tag="100"><marc:subfield code="a">Quintana, M&#225;rio</marc:subfield></marc:datafield><marc:datafield ind1="1" ind2="0" tag="245"><marc:subfield code="a">Poesia completa</marc:subfield><marc:subfield code="b">[volume &#250;nico]</marc:subfield><marc:subfield code="c">M&#225;rio Quintana. Org., prep. do texto, pref. e notas: Tania Franco Carvalhal</marc:subfield></marc:datafield><marc:datafield ind1=" " ind2=" " tag="260"><marc:subfield code="a">Rio de Janeiro</marc:subfield><marc:subfield code="b">Nova Aguilar</marc:subfield><marc:subfield code="c">2006</marc:subfield></marc:datafield><marc:datafield ind1=" " ind2=" " tag="300"><marc:subfield code="a">1021 p</marc:subfield><marc:subfield code="b">ill</marc:subfield><marc:subfield code="c">19 cm</marc:subfield></marc:datafield><marc:datafield ind1=" " ind2="0" tag="440"><marc:subfield code="a">Biblioteca luso-brasileira</marc:subfield><marc:subfield code="a">Srie brasileira</marc:subfield><marc:subfield code="v">9</marc:subfield></marc:datafield><marc:datafield ind1=" " ind2=" " tag="505"><marc:subfield code="a">Conte&#250;do: Fortuna cr&#237;tica; Homenagens po&#233;ticas; Poesia</marc:subfield></marc:datafield><marc:datafield ind1=" " ind2="7" tag="650"><marc:subfield code="a">POESIA</marc:subfield><marc:subfield code="y">S&#201;CULO 20</marc:subfield><marc:subfield code="z">BRASIL</marc:subfield><marc:subfield code="2">larpcal</marc:subfield></marc:datafield><marc:datafield ind1="1" ind2=" " tag="700"><marc:subfield code="a">Carvalhal, Tania Franco</marc:subfield></marc:datafield><marc:datafield ind1=" " ind2=" " tag="945"><marc:subfield code="a">L</marc:subfield><marc:subfield code="b">LIVRO</marc:subfield><marc:subfield code="c">01</marc:subfield></marc:datafield></marc:record>