<marc:record><marc:leader>01042nam  2200289Ma 4500</marc:leader><marc:controlfield tag="005">$$a2009070213555</marc:controlfield><marc:controlfield tag="008">081217s2008    bl       b    000 0 por d</marc:controlfield><marc:datafield ind1=" " ind2=" " tag="020"><marc:subfield code="a">9788522506835</marc:subfield></marc:datafield><marc:datafield ind1=" " ind2=" " tag="020"><marc:subfield code="a">8522506833</marc:subfield></marc:datafield><marc:datafield ind1=" " ind2=" " tag="035"><marc:subfield code="a">(OCoLC)ocn299690802</marc:subfield><marc:subfield code="z">(OCoLC)299690802</marc:subfield></marc:datafield><marc:datafield ind1=" " ind2=" " tag="040"><marc:subfield code="a">MNU</marc:subfield><marc:subfield code="c">MNU</marc:subfield></marc:datafield><marc:datafield ind1="0" ind2=" " tag="041"><marc:subfield code="a">por</marc:subfield></marc:datafield><marc:datafield ind1=" " ind2=" " tag="044"><marc:subfield code="a">bl</marc:subfield></marc:datafield><marc:datafield ind1=" " ind2="4" tag="050"><marc:subfield code="a">HD8286.5</marc:subfield><marc:subfield code="b">.F668 2008</marc:subfield></marc:datafield><marc:datafield ind1="1" ind2=" " tag="100"><marc:subfield code="a">Fontes, Paulo</marc:subfield></marc:datafield><marc:datafield ind1="1" ind2="3" tag="245"><marc:subfield code="a">Um nordeste em S&#227;o Paulo</marc:subfield><marc:subfield code="b">trabalhadores migrantes em S&#227;o Miguel Paulista (1945-66)</marc:subfield><marc:subfield code="c">Paulo Fontes</marc:subfield></marc:datafield><marc:datafield ind1=" " ind2=" " tag="260"><marc:subfield code="a">Rio de Janeiro</marc:subfield><marc:subfield code="b">Editora FGV</marc:subfield><marc:subfield code="c">2008</marc:subfield></marc:datafield><marc:datafield ind1=" " ind2=" " tag="300"><marc:subfield code="a">346 p</marc:subfield><marc:subfield code="c">23 cm</marc:subfield></marc:datafield><marc:datafield ind1=" " ind2=" " tag="504"><marc:subfield code="a">Includes bibliographical references (p. [325]-346</marc:subfield></marc:datafield><marc:datafield ind1=" " ind2="0" tag="650"><marc:subfield code="a">Migrant labor</marc:subfield><marc:subfield code="z">Brazil</marc:subfield><marc:subfield code="z">S&#227;o Paulo</marc:subfield></marc:datafield><marc:datafield ind1=" " ind2="0" tag="650"><marc:subfield code="a">Migrant labor</marc:subfield><marc:subfield code="z">Brazil</marc:subfield><marc:subfield code="z">S&#227;o Miguel Paulista</marc:subfield></marc:datafield><marc:datafield ind1=" " ind2="0" tag="650"><marc:subfield code="a">Internal migrants</marc:subfield><marc:subfield code="z">Brazil, Northeast</marc:subfield></marc:datafield><marc:datafield ind1=" " ind2="7" tag="650"><marc:subfield code="a">TRABALHADOR MIGRANTE</marc:subfield><marc:subfield code="z">S&#195;O PAULO (SP)</marc:subfield><marc:subfield code="2">larpcal</marc:subfield></marc:datafield><marc:datafield ind1=" " ind2="7" tag="650"><marc:subfield code="a">MOVIMENTOS SOCIAIS</marc:subfield><marc:subfield code="z">S&#195;O PAULO (SP)</marc:subfield><marc:subfield code="2">larpcal</marc:subfield></marc:datafield><marc:datafield ind1=" " ind2="7" tag="650"><marc:subfield code="a">ECONOMIA DO TRABALHO</marc:subfield><marc:subfield code="z">S&#195;O PAULO (SP)</marc:subfield><marc:subfield code="2">larpcal</marc:subfield></marc:datafield><marc:datafield ind1=" " ind2="7" tag="650"><marc:subfield code="a">MIGRA&#199;&#195;O</marc:subfield><marc:subfield code="z">S&#195;O PAULO (SP)</marc:subfield><marc:subfield code="2">larpcal</marc:subfield></marc:datafield><marc:datafield ind1=" " ind2=" " tag="945"><marc:subfield code="a">L</marc:subfield><marc:subfield code="b">LIVRO</marc:subfield><marc:subfield code="c">01</marc:subfield></marc:datafield></marc:record>