<marc:record><marc:leader>00923nam  2200277Mi 4500</marc:leader><marc:controlfield tag="005">$$a2009102708251</marc:controlfield><marc:controlfield tag="008">051020s2005    bl            000 0 por d</marc:controlfield><marc:datafield ind1=" " ind2=" " tag="020"><marc:subfield code="a">8528201333</marc:subfield></marc:datafield><marc:datafield ind1=" " ind2=" " tag="020"><marc:subfield code="a">9788528201338</marc:subfield></marc:datafield><marc:datafield ind1=" " ind2=" " tag="035"><marc:subfield code="a">(OCoLC)ocn181489982</marc:subfield><marc:subfield code="z">(OCoLC)181489982</marc:subfield></marc:datafield><marc:datafield ind1=" " ind2=" " tag="040"><marc:subfield code="a">GWDNB</marc:subfield><marc:subfield code="e">rakwb</marc:subfield><marc:subfield code="b">ger</marc:subfield><marc:subfield code="c">GWDNB</marc:subfield></marc:datafield><marc:datafield ind1="0" ind2=" " tag="041"><marc:subfield code="a">por</marc:subfield></marc:datafield><marc:datafield ind1=" " ind2=" " tag="044"><marc:subfield code="a">bl</marc:subfield></marc:datafield><marc:datafield ind1="0" ind2=" " tag="092"><marc:subfield code="a">193.96</marc:subfield></marc:datafield><marc:datafield ind1="1" ind2=" " tag="100"><marc:subfield code="a">Habermas, J&#252;rgen</marc:subfield><marc:subfield code="d">1929-</marc:subfield></marc:datafield><marc:datafield ind1="1" ind2="0" tag="242"><marc:subfield code="a">Zeitdiagnosen</marc:subfield><marc:subfield code="b">zw&#246;lf Essays (1980-2001)</marc:subfield></marc:datafield><marc:datafield ind1="0" ind2="0" tag="245"><marc:subfield code="a">Diagn&#243;sticos do tempo</marc:subfield><marc:subfield code="b">seis ensaios</marc:subfield><marc:subfield code="c">J&#252;rgen Habermas</marc:subfield></marc:datafield><marc:datafield ind1=" " ind2=" " tag="260"><marc:subfield code="a">Rio de Janeiro</marc:subfield><marc:subfield code="b">Tempo Brasileiro</marc:subfield><marc:subfield code="c">2005</marc:subfield></marc:datafield><marc:datafield ind1=" " ind2=" " tag="300"><marc:subfield code="a">180 p.</marc:subfield><marc:subfield code="c">21 cm</marc:subfield></marc:datafield><marc:datafield ind1="1" ind2=" " tag="490"><marc:subfield code="a">Biblioteca do Col&#233;gio do Brasil</marc:subfield><marc:subfield code="v">v. 11</marc:subfield></marc:datafield><marc:datafield ind1=" " ind2=" " tag="500"><marc:subfield code="a">Teilausg.</marc:subfield></marc:datafield><marc:datafield ind1=" " ind2="7" tag="650"><marc:subfield code="a">FILOSOFIA CONTEMPOR&#194;NEA</marc:subfield><marc:subfield code="z">ALEMANHA</marc:subfield><marc:subfield code="2">larpcal</marc:subfield></marc:datafield><marc:datafield ind1="1" ind2=" " tag="700"><marc:subfield code="a">Siebeneichler, Fl&#225;vio Beno</marc:subfield><marc:subfield code="d">1943-</marc:subfield></marc:datafield><marc:datafield ind1="0" ind2=" " tag="730"><marc:subfield code="a">Zeitdiagnosen</marc:subfield><marc:subfield code="l">portug.</marc:subfield></marc:datafield><marc:datafield ind1="2" ind2=" " tag="810"><marc:subfield code="a">Col&#233;gio do Brasil &lt;Rio de Janeiro&gt;</marc:subfield><marc:subfield code="3">Biblioteca do Col&#233;gio do Brasil</marc:subfield></marc:datafield><marc:datafield ind1=" " ind2=" " tag="945"><marc:subfield code="a">L</marc:subfield><marc:subfield code="b">LIVRO</marc:subfield><marc:subfield code="c">01</marc:subfield></marc:datafield></marc:record>