<marc:record><marc:leader>01062cam  2200313Ia 4500</marc:leader><marc:controlfield tag="005">$$a2009102709121</marc:controlfield><marc:controlfield tag="008">090501s2008    bl a     b    000 0 por d</marc:controlfield><marc:datafield ind1=" " ind2=" " tag="020"><marc:subfield code="a">9788589820073</marc:subfield></marc:datafield><marc:datafield ind1=" " ind2=" " tag="020"><marc:subfield code="a">8589820076</marc:subfield></marc:datafield><marc:datafield ind1=" " ind2=" " tag="035"><marc:subfield code="a">(OCoLC)ocn319855057</marc:subfield><marc:subfield code="z">(OCoLC)319855057</marc:subfield></marc:datafield><marc:datafield ind1=" " ind2=" " tag="040"><marc:subfield code="a">NYP</marc:subfield><marc:subfield code="c">NYP</marc:subfield><marc:subfield code="d">H7K</marc:subfield><marc:subfield code="d">IXA</marc:subfield><marc:subfield code="d">SBACH</marc:subfield></marc:datafield><marc:datafield ind1="0" ind2=" " tag="041"><marc:subfield code="a">por</marc:subfield></marc:datafield><marc:datafield ind1=" " ind2=" " tag="043"><marc:subfield code="a">n------</marc:subfield><marc:subfield code="a">s------</marc:subfield></marc:datafield><marc:datafield ind1=" " ind2=" " tag="044"><marc:subfield code="a">bl</marc:subfield></marc:datafield><marc:datafield ind1=" " ind2="4" tag="050"><marc:subfield code="a">F2515</marc:subfield><marc:subfield code="b">.G4413 2008</marc:subfield></marc:datafield><marc:datafield ind1="0" ind2=" " tag="092"><marc:subfield code="a">779.9949918</marc:subfield></marc:datafield><marc:datafield ind1="1" ind2=" " tag="100"><marc:subfield code="a">Gerodetti, Jo&#227;o Emilio</marc:subfield><marc:subfield code="d">1939-</marc:subfield></marc:datafield><marc:datafield ind1="1" ind2="0" tag="245"><marc:subfield code="a">Do Brasil para as Am&#233;ricas</marc:subfield><marc:subfield code="b">nos cart&#245;es-postais e &#225;lbuns de lembran&#231;as</marc:subfield><marc:subfield code="c">Jo&#227;o Emilio Gerodetti, Carlos Cornejo</marc:subfield></marc:datafield><marc:datafield ind1=" " ind2=" " tag="260"><marc:subfield code="a">S&#227;o Paulo</marc:subfield><marc:subfield code="b">Solaris Edi&#231;oes Culturais</marc:subfield><marc:subfield code="c">2008</marc:subfield></marc:datafield><marc:datafield ind1=" " ind2=" " tag="300"><marc:subfield code="a">240 p</marc:subfield><marc:subfield code="b">fots</marc:subfield><marc:subfield code="c">24 cm</marc:subfield></marc:datafield><marc:datafield ind1=" " ind2=" " tag="504"><marc:subfield code="a">Includes bibliographical references</marc:subfield></marc:datafield><marc:datafield ind1=" " ind2=" " tag="504"><marc:subfield code="a">Bibliografia</marc:subfield></marc:datafield><marc:datafield ind1=" " ind2="0" tag="650"><marc:subfield code="a">Postcards</marc:subfield><marc:subfield code="z">America</marc:subfield></marc:datafield><marc:datafield ind1=" " ind2="0" tag="650"><marc:subfield code="a">Photobooks</marc:subfield><marc:subfield code="z">America</marc:subfield></marc:datafield><marc:datafield ind1=" " ind2="7" tag="650"><marc:subfield code="a">CART&#213;ES POSTAIS</marc:subfield><marc:subfield code="2">larpcal</marc:subfield></marc:datafield><marc:datafield ind1=" " ind2="7" tag="650"><marc:subfield code="a">&#193;LBUNS</marc:subfield><marc:subfield code="2">larpcal</marc:subfield></marc:datafield><marc:datafield ind1=" " ind2="7" tag="650"><marc:subfield code="a">FOTOGRAFIA</marc:subfield><marc:subfield code="z">AM&#201;RICA DO SUL;AM&#201;RICA CENTRAL;AM&#201;RICA DO NORTE;ANTILHAS</marc:subfield><marc:subfield code="2">larpcal</marc:subfield></marc:datafield><marc:datafield ind1="1" ind2=" " tag="700"><marc:subfield code="a">Cornejo, Carlos</marc:subfield><marc:subfield code="d">1961-</marc:subfield></marc:datafield><marc:datafield ind1=" " ind2=" " tag="945"><marc:subfield code="a">L</marc:subfield><marc:subfield code="b">LIVRO</marc:subfield><marc:subfield code="c">01</marc:subfield></marc:datafield></marc:record>