<marc:record><marc:leader>01279cam  2200289 a 450 </marc:leader><marc:controlfield tag="005">20110814053000.0</marc:controlfield><marc:controlfield tag="008">100310s2009    bl            000 0 por d</marc:controlfield><marc:datafield ind1=" " ind2=" " tag="020"><marc:subfield code="a">978852100108</marc:subfield></marc:datafield><marc:datafield ind1=" " ind2=" " tag="040"><marc:subfield code="a">USP/SIBI</marc:subfield></marc:datafield><marc:datafield ind1="0" ind2=" " tag="041"><marc:subfield code="a">por</marc:subfield></marc:datafield><marc:datafield ind1=" " ind2=" " tag="044"><marc:subfield code="a">bl</marc:subfield></marc:datafield><marc:datafield ind1=" " ind2=" " tag="092"><marc:subfield code="a">869.9108</marc:subfield></marc:datafield><marc:datafield ind1="1" ind2=" " tag="100"><marc:subfield code="a">Bandeira, Manuel</marc:subfield><marc:subfield code="d">1886-1968</marc:subfield></marc:datafield><marc:datafield ind1="1" ind2="0" tag="240"><marc:subfield code="a">Works</marc:subfield><marc:subfield code="f">1993</marc:subfield></marc:datafield><marc:datafield ind1="1" ind2="0" tag="245"><marc:subfield code="a">Poesia completa e prosa</marc:subfield><marc:subfield code="b">volume &#250;nico</marc:subfield><marc:subfield code="c">Manuel Bandeira ; organiza&#231;&#227;o Andr&#233; Seffrin</marc:subfield></marc:datafield><marc:datafield ind1=" " ind2=" " tag="250"><marc:subfield code="a">5. ed</marc:subfield></marc:datafield><marc:datafield ind1=" " ind2=" " tag="260"><marc:subfield code="a">Rio de Janeiro</marc:subfield><marc:subfield code="b">Nova Aguilar</marc:subfield><marc:subfield code="c">2009</marc:subfield></marc:datafield><marc:datafield ind1=" " ind2=" " tag="300"><marc:subfield code="a">ccxxxiv, 1323, ccclxviii p</marc:subfield><marc:subfield code="b">il</marc:subfield><marc:subfield code="c">19 cm</marc:subfield></marc:datafield><marc:datafield ind1="0" ind2=" " tag="490"><marc:subfield code="a">Biblioteca luso-brasileira. S&#233;rie brasileira</marc:subfield></marc:datafield><marc:datafield ind1=" " ind2=" " tag="500"><marc:subfield code="a">&#205;ndice onom&#225;stico</marc:subfield></marc:datafield><marc:datafield ind1=" " ind2=" " tag="504"><marc:subfield code="a">Bibliografia</marc:subfield></marc:datafield><marc:datafield ind1="1" ind2=" " tag="505"><marc:subfield code="a">Conte&#250;do parcial: Poesia completa: Estrela da vida inteira: A cinza das horas - - Carnaval - - O r&#237;tmo dissoluto - - Libertinagem - - Estrela da manh&#227; - - Lira dos cinquent\'anos - - Belo belo - - Opus 10 - - Estrela da tarde - - Mafu&#225; do Malungo - - Poemas traduzidos; Prosa seleta: Cr&#244;nicas da prov&#237;ncia do Brasil - - Flauta de papel - - Andorinha, andorinha - - Itiner&#225;rio de Pas&#225;rgada - - Ensaios</marc:subfield></marc:datafield><marc:datafield ind1=" " ind2="7" tag="650"><marc:subfield code="a">LITERATURA BRASILEIRA</marc:subfield><marc:subfield code="2">larpcal</marc:subfield></marc:datafield><marc:datafield ind1=" " ind2="7" tag="650"><marc:subfield code="a">POESIA</marc:subfield><marc:subfield code="y">S&#201;CULO 20</marc:subfield><marc:subfield code="2">larpcal</marc:subfield></marc:datafield><marc:datafield ind1=" " ind2="7" tag="650"><marc:subfield code="a">PROSA</marc:subfield><marc:subfield code="y">S&#201;CULO 20</marc:subfield><marc:subfield code="2">larpcal</marc:subfield></marc:datafield><marc:datafield ind1="1" ind2=" " tag="700"><marc:subfield code="a">Seffrin, Andr&#233;</marc:subfield><marc:subfield code="4">org</marc:subfield></marc:datafield><marc:datafield ind1=" " ind2=" " tag="945"><marc:subfield code="a">L</marc:subfield><marc:subfield code="b">LIVRO</marc:subfield><marc:subfield code="c">01</marc:subfield></marc:datafield></marc:record>