<marc:record><marc:leader>00938cam  2200277 a 4500</marc:leader><marc:controlfield tag="005">20100608102430.0</marc:controlfield><marc:controlfield tag="008">081117s2008    bl       b    000 0 por  </marc:controlfield><marc:datafield ind1=" " ind2=" " tag="010"><marc:subfield code="a">  2008341018</marc:subfield></marc:datafield><marc:datafield ind1=" " ind2=" " tag="020"><marc:subfield code="a">8560171061</marc:subfield></marc:datafield><marc:datafield ind1=" " ind2=" " tag="020"><marc:subfield code="a">9788560171064</marc:subfield></marc:datafield><marc:datafield ind1=" " ind2=" " tag="035"><marc:subfield code="a">(OCoLC)276932214</marc:subfield></marc:datafield><marc:datafield ind1=" " ind2=" " tag="040"><marc:subfield code="a">DLC</marc:subfield><marc:subfield code="c">DLC</marc:subfield><marc:subfield code="d">PIT</marc:subfield><marc:subfield code="d">IXA</marc:subfield></marc:datafield><marc:datafield ind1="0" ind2=" " tag="041"><marc:subfield code="a">por</marc:subfield></marc:datafield><marc:datafield ind1=" " ind2=" " tag="042"><marc:subfield code="a">lcode</marc:subfield></marc:datafield><marc:datafield ind1=" " ind2=" " tag="044"><marc:subfield code="a">bl</marc:subfield></marc:datafield><marc:datafield ind1="0" ind2="0" tag="050"><marc:subfield code="a">PQ9697.M18</marc:subfield><marc:subfield code="b">Z6327 2008</marc:subfield></marc:datafield><marc:datafield ind1=" " ind2=" " tag="092"><marc:subfield code="a">869.9341</marc:subfield></marc:datafield><marc:datafield ind1="1" ind2=" " tag="100"><marc:subfield code="a">Fischer, Lu&#237;s Augusto</marc:subfield></marc:datafield><marc:datafield ind1="1" ind2="0" tag="245"><marc:subfield code="a">Machado e Borges</marc:subfield><marc:subfield code="b">e outros ensaios sobre Machado de Assis</marc:subfield><marc:subfield code="c">Lu&#237;s Augusto Fischer</marc:subfield></marc:datafield><marc:datafield ind1=" " ind2=" " tag="260"><marc:subfield code="a">Porto Alegre</marc:subfield><marc:subfield code="b">Arquip&#233;lago Editorial</marc:subfield><marc:subfield code="c">2008</marc:subfield></marc:datafield><marc:datafield ind1=" " ind2=" " tag="300"><marc:subfield code="a">258, [4] p</marc:subfield><marc:subfield code="c">21 cm</marc:subfield></marc:datafield><marc:datafield ind1=" " ind2=" " tag="504"><marc:subfield code="a">Includes bibliographical references (p. [259-262])</marc:subfield></marc:datafield><marc:datafield ind1="1" ind2="0" tag="600"><marc:subfield code="a">Machado de Assis</marc:subfield><marc:subfield code="d">1839-1908</marc:subfield><marc:subfield code="x">Criticism and interpretation</marc:subfield></marc:datafield><marc:datafield ind1=" " ind2="7" tag="650"><marc:subfield code="a">LITERATURA BRASILEIRA (CR&#205;TICA E INTERPRETA&#199;&#195;O)</marc:subfield><marc:subfield code="2">larpcal</marc:subfield></marc:datafield><marc:datafield ind1="1" ind2="0" tag="600"><marc:subfield code="a">Borges, Jorge Luis</marc:subfield><marc:subfield code="d">1899-1986</marc:subfield><marc:subfield code="x">Criticism and interpretation</marc:subfield></marc:datafield><marc:datafield ind1=" " ind2=" " tag="945"><marc:subfield code="a">L</marc:subfield><marc:subfield code="b">LIVRO</marc:subfield><marc:subfield code="c">01</marc:subfield></marc:datafield></marc:record>