<marc:record><marc:leader>01423cam  2200361Ia 4500</marc:leader><marc:controlfield tag="005">20100820152000.0</marc:controlfield><marc:controlfield tag="008">100518s2009    bl a     b    101 0 por d</marc:controlfield><marc:datafield ind1=" " ind2=" " tag="020"><marc:subfield code="a">9788570418012</marc:subfield></marc:datafield><marc:datafield ind1=" " ind2=" " tag="020"><marc:subfield code="a">8570418019</marc:subfield></marc:datafield><marc:datafield ind1=" " ind2=" " tag="035"><marc:subfield code="a">(OCoLC)620157712</marc:subfield></marc:datafield><marc:datafield ind1=" " ind2=" " tag="040"><marc:subfield code="a">EQO</marc:subfield><marc:subfield code="c">EQO</marc:subfield><marc:subfield code="d">CGU</marc:subfield><marc:subfield code="d">TJC</marc:subfield><marc:subfield code="d">SBACH</marc:subfield></marc:datafield><marc:datafield ind1="0" ind2=" " tag="041"><marc:subfield code="a">por</marc:subfield></marc:datafield><marc:datafield ind1=" " ind2=" " tag="043"><marc:subfield code="a">s-bl---</marc:subfield></marc:datafield><marc:datafield ind1=" " ind2=" " tag="044"><marc:subfield code="a">bl</marc:subfield></marc:datafield><marc:datafield ind1=" " ind2=" " tag="090"><marc:subfield code="a">JL2454</marc:subfield><marc:subfield code="b">.S418 2008</marc:subfield></marc:datafield><marc:datafield ind1="0" ind2=" " tag="092"><marc:subfield code="a">328.81</marc:subfield></marc:datafield><marc:datafield ind1="2" ind2=" " tag="111"><marc:subfield code="a">Semin&#225;rio "Legislativo Brasileiro em Perspectiva Comparada"</marc:subfield><marc:subfield code="d">(2008 :</marc:subfield><marc:subfield code="c">Universidade de Bras&#237;lia)</marc:subfield></marc:datafield><marc:datafield ind1="1" ind2="0" tag="245"><marc:subfield code="a">Legislativo brasileiro em perspectiva comparada</marc:subfield><marc:subfield code="c">Magna In&#225;cio, Lucio Renn&#243; organizadores</marc:subfield></marc:datafield><marc:datafield ind1=" " ind2=" " tag="260"><marc:subfield code="a">Belo Horizonte</marc:subfield><marc:subfield code="b">Editora UFMG</marc:subfield><marc:subfield code="c">2009</marc:subfield></marc:datafield><marc:datafield ind1=" " ind2=" " tag="300"><marc:subfield code="a">479 p.</marc:subfield><marc:subfield code="b">ill.</marc:subfield><marc:subfield code="c">26 cm.</marc:subfield></marc:datafield><marc:datafield ind1=" " ind2=" " tag="500"><marc:subfield code="a">Papers presented at the Semin&#225;rio "Legislativo Brasileiro em Perspectiva Comparada," held at the Universidade de Bras&#237;lia in May 2008</marc:subfield></marc:datafield><marc:datafield ind1=" " ind2=" " tag="504"><marc:subfield code="a">Includes bibliographical references and index</marc:subfield></marc:datafield><marc:datafield ind1=" " ind2="0" tag="650"><marc:subfield code="a">Legislative power</marc:subfield><marc:subfield code="z">Brazil</marc:subfield><marc:subfield code="v">Congresses</marc:subfield></marc:datafield><marc:datafield ind1=" " ind2="0" tag="651"><marc:subfield code="a">Brazil</marc:subfield><marc:subfield code="x">Politics and government</marc:subfield><marc:subfield code="v">Congresses</marc:subfield></marc:datafield><marc:datafield ind1="1" ind2="0" tag="610"><marc:subfield code="a">Brazil</marc:subfield><marc:subfield code="b">Congresso Nacional</marc:subfield><marc:subfield code="v">Congresses</marc:subfield></marc:datafield><marc:datafield ind1="1" ind2="0" tag="610"><marc:subfield code="a">Brazil</marc:subfield><marc:subfield code="b">Congresso Nacional</marc:subfield><marc:subfield code="x">Elections</marc:subfield><marc:subfield code="v">Congresses</marc:subfield></marc:datafield><marc:datafield ind1=" " ind2="0" tag="650"><marc:subfield code="a">Elections</marc:subfield><marc:subfield code="z">Brazil</marc:subfield><marc:subfield code="v">Congresses</marc:subfield></marc:datafield><marc:datafield ind1=" " ind2="0" tag="650"><marc:subfield code="a">Comparative government</marc:subfield><marc:subfield code="v">Congresses</marc:subfield></marc:datafield><marc:datafield ind1=" " ind2="7" tag="650"><marc:subfield code="a">PODER LEGISLATIVO</marc:subfield><marc:subfield code="z">BRASIL</marc:subfield><marc:subfield code="2">larpcal</marc:subfield></marc:datafield><marc:datafield ind1=" " ind2="7" tag="650"><marc:subfield code="a">PROCESSO LEGISLATIVO</marc:subfield><marc:subfield code="z">BRASIL</marc:subfield><marc:subfield code="2">larpcal</marc:subfield></marc:datafield><marc:datafield ind1="1" ind2=" " tag="700"><marc:subfield code="a">Renn&#243;, Lucio R</marc:subfield><marc:subfield code="4">org</marc:subfield></marc:datafield><marc:datafield ind1="1" ind2=" " tag="700"><marc:subfield code="a">In&#225;cio, Magna</marc:subfield><marc:subfield code="4">org</marc:subfield></marc:datafield><marc:datafield ind1=" " ind2=" " tag="945"><marc:subfield code="a">L</marc:subfield><marc:subfield code="b">LIVRO</marc:subfield><marc:subfield code="c">01</marc:subfield></marc:datafield></marc:record>