<marc:record><marc:leader>02083cam  2200337 a 4500</marc:leader><marc:controlfield tag="005">20100830112349.0</marc:controlfield><marc:controlfield tag="008">100521s2009    bl a     b    100 0 por d</marc:controlfield><marc:datafield ind1=" " ind2=" " tag="010"><marc:subfield code="a">  2010312787</marc:subfield></marc:datafield><marc:datafield ind1=" " ind2=" " tag="020"><marc:subfield code="a">9788571399778</marc:subfield></marc:datafield><marc:datafield ind1=" " ind2=" " tag="020"><marc:subfield code="a">8571399778</marc:subfield></marc:datafield><marc:datafield ind1=" " ind2=" " tag="035"><marc:subfield code="a">(OCoLC)613787801</marc:subfield></marc:datafield><marc:datafield ind1=" " ind2=" " tag="040"><marc:subfield code="a">MNU</marc:subfield><marc:subfield code="c">MNU</marc:subfield><marc:subfield code="d">DLC</marc:subfield><marc:subfield code="d">SBACH</marc:subfield></marc:datafield><marc:datafield ind1="0" ind2=" " tag="041"><marc:subfield code="a">por</marc:subfield></marc:datafield><marc:datafield ind1=" " ind2=" " tag="042"><marc:subfield code="a">lccopycat</marc:subfield><marc:subfield code="a">lcode</marc:subfield></marc:datafield><marc:datafield ind1=" " ind2=" " tag="044"><marc:subfield code="a">bl</marc:subfield></marc:datafield><marc:datafield ind1="0" ind2="0" tag="050"><marc:subfield code="a">PQ9697.M18</marc:subfield><marc:subfield code="b">Z865 2009</marc:subfield></marc:datafield><marc:datafield ind1="0" ind2=" " tag="092"><marc:subfield code="a">869.93092</marc:subfield></marc:datafield><marc:datafield ind1="2" ind2=" " tag="111"><marc:subfield code="a">Simp&#243;sio Internacional "Caminhos Cruzados Machado de Assis pela Cr&#237;tica Mundial"</marc:subfield><marc:subfield code="d">(2008 :</marc:subfield><marc:subfield code="c">S&#227;o Paulo, Brazil)</marc:subfield></marc:datafield><marc:datafield ind1="1" ind2="0" tag="245"><marc:subfield code="a">Machado de Assis e a cr&#237;tica internacional</marc:subfield><marc:subfield code="c">Benedito Antunes e S&#233;rgio Vicente Motta, org.</marc:subfield></marc:datafield><marc:datafield ind1=" " ind2=" " tag="250"><marc:subfield code="a">1a ed.</marc:subfield></marc:datafield><marc:datafield ind1=" " ind2=" " tag="260"><marc:subfield code="a">S&#227;o Paulo, SP</marc:subfield><marc:subfield code="b">Editora UNESP</marc:subfield><marc:subfield code="c">2009</marc:subfield></marc:datafield><marc:datafield ind1=" " ind2=" " tag="300"><marc:subfield code="a">279 p.</marc:subfield><marc:subfield code="b">ill.</marc:subfield><marc:subfield code="c">23 cm.</marc:subfield></marc:datafield><marc:datafield ind1=" " ind2=" " tag="500"><marc:subfield code="a">Papers of a symposium held Aug. 25-29, 2008 at MASP auditorium in S&#227;o Paulo.</marc:subfield></marc:datafield><marc:datafield ind1=" " ind2=" " tag="504"><marc:subfield code="a">Includes bibliographical references (p. [267]-276)</marc:subfield></marc:datafield><marc:datafield ind1="0" ind2=" " tag="505"><marc:subfield code="a">Martinha vs. Lucrecia Roberto Schwarz-- Reabilita&#231;&#227;o de Machado de Assis / Jean-Michel Massa -- A modernidade do eterno em Machado de Assis / K. David Jackson -- Br&#225;s Cubas : xam&#227; ir&#244;nico / Paul Dixon -- De retratos, espelhos e reprodu&#231;&#245;es : o olhar fotogr&#225;fico de Machado de Assis / Thomas Str&#228;ter -- "Viu o que era" : a &#233;tica, a representa&#231;&#227;o e o olhar schopenhaueriano em Quincas Borba / Todd Garth -- ... Num momento de simpatia : a conjun&#231;&#227;o de temperamentos em Machado de Assis / &#201;lide Valarini Oliver -- Influ&#234;ncias italianas em alguns contos de Machado de Assis : umas tradu&#231;&#245;es / Amina Di Munno -- Machado de Assis : predecessores e influ&#234;ncias / Luiz Roncari -- Machado em ingl&#234;s : em busca de um nicho de mercado / Daphne Patai -- A Fran&#231;a que nos legou Machado de Assis / Jean-Michel Massa</marc:subfield></marc:datafield><marc:datafield ind1="1" ind2="0" tag="600"><marc:subfield code="a">Machado de Assis</marc:subfield><marc:subfield code="d">1839-1908</marc:subfield><marc:subfield code="x">Criticism and interpretation</marc:subfield><marc:subfield code="v">Congresses</marc:subfield></marc:datafield><marc:datafield ind1=" " ind2="7" tag="650"><marc:subfield code="a">LITERATURA BRASILEIRA (CR&#205;TICA E INTERPRETA&#199;&#195;O)</marc:subfield><marc:subfield code="2">larpcal</marc:subfield></marc:datafield><marc:datafield ind1=" " ind2="7" tag="650"><marc:subfield code="a">LITERATURA BRASILEIRA (HIST&#211;RIA E CR&#205;TICA)</marc:subfield><marc:subfield code="2">larpcal</marc:subfield></marc:datafield><marc:datafield ind1="1" ind2=" " tag="700"><marc:subfield code="a">Antunes, Benedito</marc:subfield></marc:datafield><marc:datafield ind1="1" ind2=" " tag="700"><marc:subfield code="a">Motta, S&#233;rgio Vicente</marc:subfield></marc:datafield><marc:datafield ind1=" " ind2=" " tag="945"><marc:subfield code="a">L</marc:subfield><marc:subfield code="b">LIVRO</marc:subfield><marc:subfield code="c">01</marc:subfield></marc:datafield></marc:record>