<marc:record><marc:leader>01421nam--2200337Mu-4500</marc:leader><marc:controlfield tag="005">20100920075928.0</marc:controlfield><marc:controlfield tag="008">100917s2009----bl------------000-0-por-d</marc:controlfield><marc:datafield ind1=" " ind2=" " tag="020"><marc:subfield code="a">9788535913286</marc:subfield></marc:datafield><marc:datafield ind1=" " ind2=" " tag="020"><marc:subfield code="a">8535913289</marc:subfield></marc:datafield><marc:datafield ind1=" " ind2=" " tag="035"><marc:subfield code="a">(OCoLC)664392992</marc:subfield></marc:datafield><marc:datafield ind1=" " ind2=" " tag="040"><marc:subfield code="a">BLBSF</marc:subfield><marc:subfield code="c">BLBSF</marc:subfield></marc:datafield><marc:datafield ind1="1" ind2=" " tag="041"><marc:subfield code="a">por</marc:subfield><marc:subfield code="h">fre</marc:subfield></marc:datafield><marc:datafield ind1=" " ind2=" " tag="044"><marc:subfield code="a">bl</marc:subfield></marc:datafield><marc:datafield ind1="0" ind2="4" tag="082"><marc:subfield code="a">200.944</marc:subfield><marc:subfield code="2">21</marc:subfield></marc:datafield><marc:datafield ind1="0" ind2=" " tag="092"><marc:subfield code="a">847.092</marc:subfield></marc:datafield><marc:datafield ind1="1" ind2=" " tag="100"><marc:subfield code="a">Febvre, Lucien</marc:subfield></marc:datafield><marc:datafield ind1="1" ind2="3" tag="242"><marc:subfield code="a">Le probl&#232;me de l\'incroyance au XVI si&#232;cle: la religion de Rabelais</marc:subfield></marc:datafield><marc:datafield ind1="1" ind2="2" tag="245"><marc:subfield code="a">O problema da incredulidade no s&#233;culo XVI</marc:subfield><marc:subfield code="b">a religi&#227;o de Rabelais</marc:subfield><marc:subfield code="c">Lucien Febvre ; tradu&#231;&#227;o Maria L&#250;cia Machado tradu&#231;&#227;o dos trechos em latim: Jos&#233; Eduardo dos Santos Lohner</marc:subfield></marc:datafield><marc:datafield ind1=" " ind2=" " tag="260"><marc:subfield code="a">S&#227;o Paulo</marc:subfield><marc:subfield code="b">Companhia das Letras</marc:subfield><marc:subfield code="c">2009</marc:subfield></marc:datafield><marc:datafield ind1=" " ind2=" " tag="300"><marc:subfield code="a">513 p</marc:subfield></marc:datafield><marc:datafield ind1=" " ind2=" " tag="500"><marc:subfield code="a">Tradu&#231;&#227;o de: Le probl&#232;me de l\'incroyance au XVI si&#232;cle: la religion de Rabelais</marc:subfield></marc:datafield><marc:datafield ind1=" " ind2=" " tag="504"><marc:subfield code="a">Inclui notas explicativas e bibliogr&#225;ficas</marc:subfield></marc:datafield><marc:datafield ind1="1" ind2="4" tag="600"><marc:subfield code="a">Rabelais, Fran&#231;ois</marc:subfield><marc:subfield code="d">ca1494- 1553</marc:subfield></marc:datafield><marc:datafield ind1="1" ind2="4" tag="650"><marc:subfield code="a">Religi&#227;o</marc:subfield><marc:subfield code="x">hist&#243;ria</marc:subfield><marc:subfield code="z">Fran&#231;a</marc:subfield><marc:subfield code="y">S&#233;culo XVI</marc:subfield></marc:datafield><marc:datafield ind1=" " ind2="7" tag="650"><marc:subfield code="a">ENSAIO LITER&#193;RIO</marc:subfield><marc:subfield code="y">S&#201;CULO 16</marc:subfield><marc:subfield code="z">FRAN&#199;A</marc:subfield><marc:subfield code="2">larpcal</marc:subfield></marc:datafield><marc:datafield ind1=" " ind2="4" tag="650"><marc:subfield code="a">Religi&#227;o e sociologia</marc:subfield></marc:datafield><marc:datafield ind1=" " ind2="4" tag="650"><marc:subfield code="a">Cren&#231;a religiosa</marc:subfield><marc:subfield code="z">Fran&#231;a</marc:subfield><marc:subfield code="y">S&#233;culo XVI</marc:subfield></marc:datafield><marc:datafield ind1=" " ind2="7" tag="650"><marc:subfield code="a">CREN&#199;A RELIGIOSA</marc:subfield><marc:subfield code="y">S&#201;CULO 16</marc:subfield><marc:subfield code="2">larpcal</marc:subfield></marc:datafield><marc:datafield ind1=" " ind2="4" tag="655"><marc:subfield code="a">Ensaio liter&#225;rio</marc:subfield><marc:subfield code="z">Fran&#231;a</marc:subfield><marc:subfield code="y">S&#233;culo XVI</marc:subfield></marc:datafield><marc:datafield ind1="4" ind2="2" tag="856"><marc:subfield code="u">http://www.senado.gov.br/sf/biblioteca/servicos/novas_aquisicoes/aquisicoes/naquis.asp?area=0&amp;boletim=51</marc:subfield><marc:subfield code="y">Capa e sum&#225;rio.</marc:subfield></marc:datafield><marc:datafield ind1=" " ind2=" " tag="945"><marc:subfield code="a">L</marc:subfield><marc:subfield code="b">LIVRO</marc:subfield><marc:subfield code="c">01</marc:subfield></marc:datafield></marc:record>