<marc:record><marc:leader>01261cam  22003254a 4500</marc:leader><marc:controlfield tag="005">20101026094043.0</marc:controlfield><marc:controlfield tag="008">000717s2000    bl            000 j por  </marc:controlfield><marc:datafield ind1=" " ind2=" " tag="010"><marc:subfield code="a">   99886977 </marc:subfield></marc:datafield><marc:datafield ind1=" " ind2=" " tag="020"><marc:subfield code="a">8532510698</marc:subfield></marc:datafield><marc:datafield ind1=" " ind2=" " tag="020"><marc:subfield code="a">9788532510693</marc:subfield></marc:datafield><marc:datafield ind1=" " ind2=" " tag="035"><marc:subfield code="a">(OCoLC)44943900</marc:subfield></marc:datafield><marc:datafield ind1=" " ind2=" " tag="040"><marc:subfield code="a">DLC</marc:subfield><marc:subfield code="c">DLC</marc:subfield><marc:subfield code="d">COO</marc:subfield><marc:subfield code="d">NLGGC</marc:subfield><marc:subfield code="d">YDXCP</marc:subfield><marc:subfield code="d">LNQ</marc:subfield><marc:subfield code="d">BLBSF</marc:subfield></marc:datafield><marc:datafield ind1="0" ind2=" " tag="041"><marc:subfield code="a">por</marc:subfield></marc:datafield><marc:datafield ind1=" " ind2=" " tag="042"><marc:subfield code="a">lcode</marc:subfield></marc:datafield><marc:datafield ind1=" " ind2=" " tag="044"><marc:subfield code="a">bl</marc:subfield></marc:datafield><marc:datafield ind1="0" ind2="0" tag="050"><marc:subfield code="a">PQ9697.T49</marc:subfield><marc:subfield code="b">I68 2000</marc:subfield></marc:datafield><marc:datafield ind1="0" ind2="0" tag="082"><marc:subfield code="a">869.3/42</marc:subfield><marc:subfield code="2">22</marc:subfield></marc:datafield><marc:datafield ind1="0" ind2=" " tag="092"><marc:subfield code="a">869.935</marc:subfield></marc:datafield><marc:datafield ind1="1" ind2=" " tag="100"><marc:subfield code="a">Telles, Lygia Fagundes</marc:subfield></marc:datafield><marc:datafield ind1="1" ind2="0" tag="245"><marc:subfield code="a">Inven&#231;&#227;o e mem&#243;ria</marc:subfield><marc:subfield code="c">Lygia Fagundes Telles</marc:subfield></marc:datafield><marc:datafield ind1=" " ind2=" " tag="250"><marc:subfield code="a">2. ed</marc:subfield></marc:datafield><marc:datafield ind1=" " ind2=" " tag="260"><marc:subfield code="a">Rio de Janeiro</marc:subfield><marc:subfield code="b">Rocco</marc:subfield><marc:subfield code="c">2000</marc:subfield></marc:datafield><marc:datafield ind1=" " ind2=" " tag="300"><marc:subfield code="a">125 p</marc:subfield><marc:subfield code="c">21 cm</marc:subfield></marc:datafield><marc:datafield ind1="0" ind2=" " tag="505"><marc:subfield code="a">Que se chama solid&#227;o -- Suic&#237;dio na granja -- A dan&#231;a com o anjo -- Se &#233;s capaz -- Cinema Gato Preto -- Heffman -- O Cristo da Bahia -- Dia de dizer n&#227;o -- O menino e o velho -- Que n&#250;mero faz favor? -- Rua Sabar&#225;, 400 -- A chave na porta -- Hist&#243;ria de passarinho -- Potyra -- Nada de novo na frente ocidental</marc:subfield></marc:datafield><marc:datafield ind1="1" ind2="4" tag="650"><marc:subfield code="a">Conto</marc:subfield><marc:subfield code="z">Brasil</marc:subfield></marc:datafield><marc:datafield ind1=" " ind2="7" tag="650"><marc:subfield code="a">LITERATURA BRASILEIRA</marc:subfield><marc:subfield code="2">larpcal</marc:subfield></marc:datafield><marc:datafield ind1=" " ind2="7" tag="650"><marc:subfield code="a">CONTO</marc:subfield><marc:subfield code="2">larpcal</marc:subfield></marc:datafield><marc:datafield ind1=" " ind2="4" tag="650"><marc:subfield code="a">Literatura</marc:subfield><marc:subfield code="z">Brasil</marc:subfield></marc:datafield><marc:datafield ind1="0" ind2="8" tag="776"><marc:subfield code="i">Online version</marc:subfield><marc:subfield code="a">Telles, Lygia Fagundes</marc:subfield><marc:subfield code="t">Inven&#231;&#227;o e mem&#243;ria</marc:subfield><marc:subfield code="d">Rio de Janeiro : Rocco, 2000</marc:subfield><marc:subfield code="w">(OCoLC)606322359</marc:subfield></marc:datafield><marc:datafield ind1=" " ind2=" " tag="945"><marc:subfield code="a">L</marc:subfield><marc:subfield code="b">LIVRO</marc:subfield><marc:subfield code="c">01</marc:subfield></marc:datafield></marc:record>