<marc:record><marc:leader>01124cam  2200301 a 4500</marc:leader><marc:controlfield tag="005">20031009184039.0</marc:controlfield><marc:controlfield tag="008">000628s1999    po b     b    000 0 por d</marc:controlfield><marc:datafield ind1=" " ind2=" " tag="020"><marc:subfield code="a">9729402639</marc:subfield></marc:datafield><marc:datafield ind1=" " ind2=" " tag="035"><marc:subfield code="a">(UkOxU)15587969</marc:subfield></marc:datafield><marc:datafield ind1=" " ind2=" " tag="040"><marc:subfield code="a">MH</marc:subfield><marc:subfield code="c">MH</marc:subfield><marc:subfield code="d">CStRLIN</marc:subfield></marc:datafield><marc:datafield ind1="0" ind2=" " tag="041"><marc:subfield code="a">por</marc:subfield></marc:datafield><marc:datafield ind1=" " ind2=" " tag="043"><marc:subfield code="a">s-bl---</marc:subfield></marc:datafield><marc:datafield ind1=" " ind2=" " tag="044"><marc:subfield code="a">po</marc:subfield></marc:datafield><marc:datafield ind1="0" ind2=" " tag="092"><marc:subfield code="a">526</marc:subfield></marc:datafield><marc:datafield ind1="1" ind2=" " tag="100"><marc:subfield code="a">Guerreiro, In&#225;cio</marc:subfield></marc:datafield><marc:datafield ind1="1" ind2="3" tag="245"><marc:subfield code="a">Os tratados de delimita&#231;&#227;o do Brasil e a cartografia da &#233;poca</marc:subfield><marc:subfield code="c">In&#225;cio Guerreiro</marc:subfield></marc:datafield><marc:datafield ind1=" " ind2=" " tag="260"><marc:subfield code="a">Lisboa</marc:subfield><marc:subfield code="b">Chaves Ferreira-Publica&#231;&#245;es</marc:subfield><marc:subfield code="c">[1999]</marc:subfield></marc:datafield><marc:datafield ind1=" " ind2=" " tag="300"><marc:subfield code="a">62 p</marc:subfield><marc:subfield code="b">maps</marc:subfield><marc:subfield code="c">21 cm</marc:subfield><marc:subfield code="e">12 plates (col. maps ; 42 cm.)</marc:subfield></marc:datafield><marc:datafield ind1=" " ind2=" " tag="500"><marc:subfield code="a">Text and plates issued in portfolio</marc:subfield></marc:datafield><marc:datafield ind1=" " ind2=" " tag="500"><marc:subfield code="a">Possui anexo portif&#243;lio com mapas cartogr&#225;ficos em facsimile (29x42 cm.)</marc:subfield></marc:datafield><marc:datafield ind1=" " ind2=" " tag="500"><marc:subfield code="a">"Edi&#231;&#227;o exclusiva, comemorativa do 5. Centen&#225;rio do Descobrimento do Brasil."</marc:subfield></marc:datafield><marc:datafield ind1=" " ind2=" " tag="504"><marc:subfield code="a">Includes bibliographical references</marc:subfield></marc:datafield><marc:datafield ind1=" " ind2="0" tag="650"><marc:subfield code="a">Cartography</marc:subfield><marc:subfield code="z">Brazil</marc:subfield><marc:subfield code="x">History</marc:subfield></marc:datafield><marc:datafield ind1=" " ind2="7" tag="650"><marc:subfield code="a">GEOGRAFIA HIST&#211;RICA</marc:subfield><marc:subfield code="z">BRASIL</marc:subfield><marc:subfield code="2">larpcal</marc:subfield></marc:datafield><marc:datafield ind1=" " ind2="7" tag="650"><marc:subfield code="a">CARTOGRAFIA</marc:subfield><marc:subfield code="z">BRASIL</marc:subfield><marc:subfield code="2">larpcal</marc:subfield></marc:datafield><marc:datafield ind1=" " ind2="7" tag="650"><marc:subfield code="a">TRATADOS DE LIMITES</marc:subfield><marc:subfield code="2">larpcal</marc:subfield></marc:datafield><marc:datafield ind1=" " ind2=" " tag="852"><marc:subfield code="a">UkOxU</marc:subfield><marc:subfield code="b">Inst. Camoes</marc:subfield><marc:subfield code="b">ICL Main Libr</marc:subfield><marc:subfield code="h">F 101</marc:subfield><marc:subfield code="p">305341885</marc:subfield></marc:datafield><marc:datafield ind1=" " ind2=" " tag="945"><marc:subfield code="a">L</marc:subfield><marc:subfield code="b">LIVRO</marc:subfield><marc:subfield code="c">01</marc:subfield></marc:datafield></marc:record>