<marc:record><marc:leader>00967nam a22002654a 4500</marc:leader><marc:controlfield tag="005">20190610102100.0</marc:controlfield><marc:controlfield tag="008">101116s2008    bl            000 0 por d</marc:controlfield><marc:datafield ind1=" " ind2=" " tag="020"><marc:subfield code="a">9788522804207</marc:subfield></marc:datafield><marc:datafield ind1=" " ind2=" " tag="040"><marc:subfield code="a">USP/SIBI</marc:subfield></marc:datafield><marc:datafield ind1="0" ind2=" " tag="041"><marc:subfield code="a">por</marc:subfield></marc:datafield><marc:datafield ind1=" " ind2=" " tag="044"><marc:subfield code="a">bl</marc:subfield></marc:datafield><marc:datafield ind1="0" ind2="4" tag="082"><marc:subfield code="a">301.204</marc:subfield></marc:datafield><marc:datafield ind1=" " ind2=" " tag="090"><marc:subfield code="a">301.204</marc:subfield></marc:datafield><marc:datafield ind1="1" ind2=" " tag="100"><marc:subfield code="a">Appadurai, Arjun</marc:subfield><marc:subfield code="d">1949-</marc:subfield></marc:datafield><marc:datafield ind1="1" ind2="4" tag="242"><marc:subfield code="a">The social life of things</marc:subfield><marc:subfield code="b">commodities in cultural perspective</marc:subfield></marc:datafield><marc:datafield ind1="1" ind2="2" tag="245"><marc:subfield code="a">A vida social das coisas</marc:subfield><marc:subfield code="b">as mercadorias sob uma perspectiva cultural</marc:subfield><marc:subfield code="c">Arjun Appadurai ; tradu&#231;&#227;o Agatha Bacelar; revis&#227;o t&#233;cnica Let&#237;cia Veloso</marc:subfield></marc:datafield><marc:datafield ind1=" " ind2=" " tag="260"><marc:subfield code="a">Niter&#243;i</marc:subfield><marc:subfield code="b">EdUFF</marc:subfield><marc:subfield code="c">2008</marc:subfield></marc:datafield><marc:datafield ind1=" " ind2=" " tag="300"><marc:subfield code="a">399 p</marc:subfield><marc:subfield code="c">21 cm.</marc:subfield></marc:datafield><marc:datafield ind1=" " ind2=" " tag="500"><marc:subfield code="a">T&#237;tulo original: The social life of things: commodities in cultural perspective</marc:subfield></marc:datafield><marc:datafield ind1=" " ind2="7" tag="650"><marc:subfield code="a">ANTROPOLOGIA ECON&#212;MICA</marc:subfield><marc:subfield code="2">larpcal</marc:subfield></marc:datafield><marc:datafield ind1=" " ind2="7" tag="650"><marc:subfield code="a">COM&#201;RCIO (ASPECTOS ANTROPOL&#211;GICOS) (HIST&#211;RIA)</marc:subfield><marc:subfield code="2">larpcal</marc:subfield></marc:datafield><marc:datafield ind1=" " ind2="7" tag="650"><marc:subfield code="a">SOCIOLOGIA DO CONSUMO</marc:subfield></marc:datafield><marc:datafield ind1="1" ind2=" " tag="700"><marc:subfield code="a">Bacelar, Agatha</marc:subfield><marc:subfield code="4">trad</marc:subfield></marc:datafield><marc:datafield ind1="1" ind2=" " tag="700"><marc:subfield code="a">Veloso, Let&#237;cia</marc:subfield><marc:subfield code="4">trad</marc:subfield></marc:datafield><marc:datafield ind1=" " ind2=" " tag="945"><marc:subfield code="a">L</marc:subfield><marc:subfield code="b">LIVRO</marc:subfield><marc:subfield code="c">01</marc:subfield></marc:datafield></marc:record>