<marc:record><marc:leader>00758nam  2200241Ia 4500</marc:leader><marc:controlfield tag="005">20151118182200.0</marc:controlfield><marc:controlfield tag="008">110111s2010    bl            000 0 por d</marc:controlfield><marc:datafield ind1=" " ind2=" " tag="020"><marc:subfield code="a">9788570608901</marc:subfield></marc:datafield><marc:datafield ind1=" " ind2=" " tag="040"><marc:subfield code="a">USP/SIBI</marc:subfield></marc:datafield><marc:datafield ind1="0" ind2=" " tag="041"><marc:subfield code="a">por</marc:subfield></marc:datafield><marc:datafield ind1=" " ind2=" " tag="044"><marc:subfield code="a">bl</marc:subfield></marc:datafield><marc:datafield ind1="0" ind2=" " tag="092"><marc:subfield code="a">707.4</marc:subfield></marc:datafield><marc:datafield ind1="2" ind2=" " tag="110"><marc:subfield code="a">Pinacoteca do Estado de S&#227;o Paulo</marc:subfield></marc:datafield><marc:datafield ind1="1" ind2="0" tag="245"><marc:subfield code="a">GasparGasparian</marc:subfield><marc:subfield code="b">um fot&#243;grafo</marc:subfield><marc:subfield code="c">curadoria Di&#243;genes Moura</marc:subfield></marc:datafield><marc:datafield ind1=" " ind2=" " tag="260"><marc:subfield code="a">S&#227;o Paulo</marc:subfield><marc:subfield code="b">Pinacoteca do Estado</marc:subfield><marc:subfield code="c">2010</marc:subfield></marc:datafield><marc:datafield ind1=" " ind2=" " tag="300"><marc:subfield code="a">139 p.</marc:subfield><marc:subfield code="b">fots.</marc:subfield><marc:subfield code="c">28 cm.</marc:subfield></marc:datafield><marc:datafield ind1=" " ind2=" " tag="500"><marc:subfield code="a">Cronologia</marc:subfield></marc:datafield><marc:datafield ind1=" " ind2=" " tag="500"><marc:subfield code="a">Cat&#225;logo de exposi&#231;&#227;o de 19 de setembro a 17 de novembro de 2010</marc:subfield></marc:datafield><marc:datafield ind1="1" ind2="7" tag="600"><marc:subfield code="a">Gasparian, Gaspar</marc:subfield><marc:subfield code="d">1899-1966</marc:subfield></marc:datafield><marc:datafield ind1=" " ind2="7" tag="650"><marc:subfield code="a">CAT&#193;LOGO DE EXPOSI&#199;&#195;O</marc:subfield><marc:subfield code="2">larpcal</marc:subfield></marc:datafield><marc:datafield ind1=" " ind2="7" tag="656"><marc:subfield code="a">FOT&#211;GRAFOS</marc:subfield><marc:subfield code="2">larpcal</marc:subfield></marc:datafield><marc:datafield ind1="1" ind2=" " tag="700"><marc:subfield code="a">Moura, Di&#243;genes</marc:subfield><marc:subfield code="6">curadoria</marc:subfield></marc:datafield><marc:datafield ind1=" " ind2=" " tag="945"><marc:subfield code="a">L</marc:subfield><marc:subfield code="b">LIVRO</marc:subfield><marc:subfield code="c">01</marc:subfield></marc:datafield></marc:record>