<marc:record><marc:leader>01049cam  2200337Ia 4500</marc:leader><marc:controlfield tag="005">20101109131246.0</marc:controlfield><marc:controlfield tag="008">070503s2005    bl c     b    000 0 por d</marc:controlfield><marc:datafield ind1=" " ind2=" " tag="020"><marc:subfield code="a">852100088X</marc:subfield></marc:datafield><marc:datafield ind1=" " ind2=" " tag="020"><marc:subfield code="a">9788521000884</marc:subfield></marc:datafield><marc:datafield ind1=" " ind2=" " tag="035"><marc:subfield code="a">(OCoLC)123954684</marc:subfield></marc:datafield><marc:datafield ind1=" " ind2=" " tag="040"><marc:subfield code="a">PIT</marc:subfield><marc:subfield code="c">PIT</marc:subfield></marc:datafield><marc:datafield ind1="0" ind2=" " tag="041"><marc:subfield code="a">por</marc:subfield></marc:datafield><marc:datafield ind1=" " ind2=" " tag="044"><marc:subfield code="a">bl</marc:subfield></marc:datafield><marc:datafield ind1=" " ind2="4" tag="050"><marc:subfield code="a">PQ9698.28.I165</marc:subfield><marc:subfield code="b">A6 2005</marc:subfield></marc:datafield><marc:datafield ind1="0" ind2=" " tag="092"><marc:subfield code="a">869.935</marc:subfield></marc:datafield><marc:datafield ind1="1" ind2=" " tag="100"><marc:subfield code="a">Ribeiro, Jo&#227;o Ubaldo</marc:subfield><marc:subfield code="d">1941-</marc:subfield></marc:datafield><marc:datafield ind1="1" ind2="0" tag="240"><marc:subfield code="a">Selections</marc:subfield><marc:subfield code="f">2005</marc:subfield></marc:datafield><marc:datafield ind1="1" ind2="0" tag="245"><marc:subfield code="a">Obra seleta</marc:subfield><marc:subfield code="c">Jo&#227;o Ubaldo Ribeiro ; organiza&#231;&#227;o, Zil&#225; Bernd</marc:subfield></marc:datafield><marc:datafield ind1=" " ind2=" " tag="250"><marc:subfield code="a">1. ed</marc:subfield></marc:datafield><marc:datafield ind1=" " ind2=" " tag="260"><marc:subfield code="a">Rio de Janeiro, RJ, Brasil</marc:subfield><marc:subfield code="b">Editora Nova Aguilar</marc:subfield><marc:subfield code="c">2005</marc:subfield></marc:datafield><marc:datafield ind1=" " ind2=" " tag="300"><marc:subfield code="a">1421 p</marc:subfield><marc:subfield code="b">ports</marc:subfield><marc:subfield code="c">19 cm</marc:subfield></marc:datafield><marc:datafield ind1=" " ind2="0" tag="440"><marc:subfield code="a">Biblioteca luso-brasileira</marc:subfield><marc:subfield code="p">S&#233;rie brasileira</marc:subfield></marc:datafield><marc:datafield ind1=" " ind2=" " tag="504"><marc:subfield code="a">Includes bibliographical references</marc:subfield></marc:datafield><marc:datafield ind1="1" ind2="0" tag="600"><marc:subfield code="a">Ribeiro, Jo&#227;o Ubaldo</marc:subfield><marc:subfield code="d">1941-</marc:subfield><marc:subfield code="x">Criticism and interpretation</marc:subfield></marc:datafield><marc:datafield ind1=" " ind2="7" tag="650"><marc:subfield code="a">LITERATURA BRASILEIRA</marc:subfield><marc:subfield code="2">larpcal</marc:subfield></marc:datafield><marc:datafield ind1=" " ind2="7" tag="650"><marc:subfield code="a">ROMANCE</marc:subfield><marc:subfield code="2">larpcal</marc:subfield></marc:datafield><marc:datafield ind1=" " ind2="7" tag="650"><marc:subfield code="a">CONTO</marc:subfield><marc:subfield code="2">larpcal</marc:subfield></marc:datafield><marc:datafield ind1=" " ind2="7" tag="650"><marc:subfield code="a">CR&#212;NICA LITER&#193;RIA</marc:subfield><marc:subfield code="2">larpcal</marc:subfield></marc:datafield><marc:datafield ind1="1" ind2=" " tag="700"><marc:subfield code="a">Bernd, Zil&#225;</marc:subfield><marc:subfield code="d">1944-</marc:subfield><marc:subfield code="4">org</marc:subfield></marc:datafield><marc:datafield ind1=" " ind2=" " tag="945"><marc:subfield code="a">L</marc:subfield><marc:subfield code="b">LIVRO</marc:subfield><marc:subfield code="c">01</marc:subfield></marc:datafield><marc:datafield ind1=" " ind2=" " tag="049"><marc:subfield code="a">UBAA</marc:subfield></marc:datafield></marc:record>