<marc:record><marc:leader>01352cam  2200361 a 4500</marc:leader><marc:controlfield tag="001">16765851</marc:controlfield><marc:controlfield tag="005">20110624154343.0</marc:controlfield><marc:controlfield tag="008">110506s2010    bl       b    000 0 por d</marc:controlfield><marc:datafield ind1=" " ind2=" " tag="010"><marc:subfield code="a">2011310172</marc:subfield></marc:datafield><marc:datafield ind1=" " ind2=" " tag="020"><marc:subfield code="a">9788526809031</marc:subfield></marc:datafield><marc:datafield ind1=" " ind2=" " tag="020"><marc:subfield code="a">8526809032</marc:subfield></marc:datafield><marc:datafield ind1=" " ind2=" " tag="040"><marc:subfield code="a">AZU</marc:subfield><marc:subfield code="c">AZU</marc:subfield><marc:subfield code="d">IQU</marc:subfield><marc:subfield code="d">SBACH</marc:subfield><marc:subfield code="d">DLC</marc:subfield></marc:datafield><marc:datafield ind1="0" ind2=" " tag="041"><marc:subfield code="a">por</marc:subfield></marc:datafield><marc:datafield ind1=" " ind2=" " tag="042"><marc:subfield code="a">lcode</marc:subfield><marc:subfield code="a">lccopycat</marc:subfield></marc:datafield><marc:datafield ind1=" " ind2=" " tag="044"><marc:subfield code="a">bl</marc:subfield></marc:datafield><marc:datafield ind1="0" ind2="0" tag="050"><marc:subfield code="a">PQ9697.M18</marc:subfield><marc:subfield code="b">Z864 2010</marc:subfield></marc:datafield><marc:datafield ind1="0" ind2=" " tag="092"><marc:subfield code="a">869.93092</marc:subfield></marc:datafield><marc:datafield ind1="1" ind2=" " tag="100"><marc:subfield code="a">Silveira, Daniela Magalh&#227;es da</marc:subfield></marc:datafield><marc:datafield ind1="1" ind2="0" tag="245"><marc:subfield code="a">F&#225;brica de contos</marc:subfield><marc:subfield code="b">ci&#234;ncia e literatura em Machado de Assis</marc:subfield><marc:subfield code="c">Daniela Magalh&#227;es da Silveira</marc:subfield></marc:datafield><marc:datafield ind1=" " ind2=" " tag="260"><marc:subfield code="a">Campinas</marc:subfield><marc:subfield code="b">Editora UNICAMP</marc:subfield><marc:subfield code="c">c2010</marc:subfield></marc:datafield><marc:datafield ind1=" " ind2=" " tag="300"><marc:subfield code="a">301 p.</marc:subfield><marc:subfield code="c">21 cm.</marc:subfield></marc:datafield><marc:datafield ind1="1" ind2=" " tag="490"><marc:subfield code="a">Cole&#231;&#227;o V&#225;rias hist&#243;rias</marc:subfield><marc:subfield code="v">33</marc:subfield></marc:datafield><marc:datafield ind1=" " ind2=" " tag="500"><marc:subfield code="a">Originally presented as the author\'s thesis (doctoral)--Universidade de Campinas, 2009</marc:subfield></marc:datafield><marc:datafield ind1=" " ind2=" " tag="504"><marc:subfield code="a">Includes bibliographical references (p. [291]-301)</marc:subfield></marc:datafield><marc:datafield ind1="1" ind2="0" tag="600"><marc:subfield code="a">Machado de Assis</marc:subfield><marc:subfield code="d">1839-1908</marc:subfield><marc:subfield code="x">Criticism and interpretation</marc:subfield></marc:datafield><marc:datafield ind1=" " ind2="0" tag="650"><marc:subfield code="a">Science in literature</marc:subfield></marc:datafield><marc:datafield ind1=" " ind2="7" tag="650"><marc:subfield code="a">LITERATURA BRASILEIRA (CR&#205;TICA E INTERPRETA&#199;&#195;O)</marc:subfield><marc:subfield code="2">larpcal</marc:subfield></marc:datafield><marc:datafield ind1=" " ind2="0" tag="830"><marc:subfield code="a">Cole&#231;&#227;o V&#225;rias hist&#243;rias</marc:subfield><marc:subfield code="v">33</marc:subfield></marc:datafield><marc:datafield ind1=" " ind2=" " tag="945"><marc:subfield code="a">L</marc:subfield><marc:subfield code="b">LIVRO</marc:subfield><marc:subfield code="c">01</marc:subfield></marc:datafield><marc:datafield ind1=" " ind2=" " tag="906"><marc:subfield code="a">7</marc:subfield><marc:subfield code="b">cbc</marc:subfield><marc:subfield code="c">copycat</marc:subfield><marc:subfield code="d">2</marc:subfield><marc:subfield code="e">ncip</marc:subfield><marc:subfield code="f">20</marc:subfield><marc:subfield code="g">y-gencatlg</marc:subfield></marc:datafield><marc:datafield ind1="0" ind2=" " tag="925"><marc:subfield code="a">acquire</marc:subfield><marc:subfield code="b">1 shelf copy</marc:subfield><marc:subfield code="x">policy default</marc:subfield></marc:datafield><marc:datafield ind1=" " ind2=" " tag="955"><marc:subfield code="b">wr07 2011-05-06 z-processor</marc:subfield><marc:subfield code="c">wr07 2011-05-06</marc:subfield><marc:subfield code="d">wr07 2011-05-06</marc:subfield><marc:subfield code="e">be07 2011-06-24 telework</marc:subfield></marc:datafield><marc:datafield ind1=" " ind2=" " tag="985"><marc:subfield code="e">ODE-rj</marc:subfield></marc:datafield></marc:record>