<marc:record><marc:leader>01439cam  2200397 a 4500</marc:leader><marc:controlfield tag="001">15407565</marc:controlfield><marc:controlfield tag="005">20091112101314.0</marc:controlfield><marc:controlfield tag="008">080811s2007    bl       b    001 0 por  </marc:controlfield><marc:datafield ind1=" " ind2=" " tag="010"><marc:subfield code="a">2008318511</marc:subfield></marc:datafield><marc:datafield ind1=" " ind2=" " tag="020"><marc:subfield code="a">9788574751498</marc:subfield></marc:datafield><marc:datafield ind1=" " ind2=" " tag="040"><marc:subfield code="a">DLC</marc:subfield><marc:subfield code="c">DLC</marc:subfield></marc:datafield><marc:datafield ind1="0" ind2=" " tag="041"><marc:subfield code="a">por</marc:subfield></marc:datafield><marc:datafield ind1=" " ind2=" " tag="042"><marc:subfield code="a">lcode</marc:subfield></marc:datafield><marc:datafield ind1=" " ind2=" " tag="044"><marc:subfield code="a">bl</marc:subfield></marc:datafield><marc:datafield ind1="0" ind2="0" tag="050"><marc:subfield code="a">PN51</marc:subfield><marc:subfield code="b">.L5215 2007</marc:subfield></marc:datafield><marc:datafield ind1="0" ind2=" " tag="092"><marc:subfield code="a">801</marc:subfield></marc:datafield><marc:datafield ind1="1" ind2=" " tag="100"><marc:subfield code="a">Lima, Luiz Costa</marc:subfield><marc:subfield code="d">1937-</marc:subfield></marc:datafield><marc:datafield ind1="1" ind2="0" tag="245"><marc:subfield code="a">Trilogia do controle</marc:subfield><marc:subfield code="b">O controle do imagin&#225;rio; Sociedade e discurso ficcional; O fingidor e o censor</marc:subfield><marc:subfield code="c">Luiz Costa Lima</marc:subfield></marc:datafield><marc:datafield ind1=" " ind2=" " tag="250"><marc:subfield code="a">3a. ed. rev.</marc:subfield></marc:datafield><marc:datafield ind1=" " ind2=" " tag="260"><marc:subfield code="a">Rio de Janeiro</marc:subfield><marc:subfield code="b">Topbooks</marc:subfield><marc:subfield code="c">c2007</marc:subfield></marc:datafield><marc:datafield ind1=" " ind2=" " tag="300"><marc:subfield code="a">846 p.</marc:subfield><marc:subfield code="c">23 cm.</marc:subfield></marc:datafield><marc:datafield ind1=" " ind2=" " tag="504"><marc:subfield code="a">Includes bibliographical references and index</marc:subfield></marc:datafield><marc:datafield ind1=" " ind2="0" tag="650"><marc:subfield code="a">Literature and society</marc:subfield></marc:datafield><marc:datafield ind1=" " ind2="0" tag="650"><marc:subfield code="a">Literature</marc:subfield><marc:subfield code="x">Philosophy</marc:subfield></marc:datafield><marc:datafield ind1=" " ind2="7" tag="650"><marc:subfield code="a">LITERATURA (ASPECTOS FILOS&#211;FICOS)</marc:subfield><marc:subfield code="2">larpcal</marc:subfield></marc:datafield><marc:datafield ind1="1" ind2="2" tag="700"><marc:subfield code="a">Lima, Luiz Costa</marc:subfield><marc:subfield code="d">1937-</marc:subfield><marc:subfield code="t">Controle do imagin&#225;rio</marc:subfield></marc:datafield><marc:datafield ind1="1" ind2="2" tag="700"><marc:subfield code="a">Lima, Luiz Costa</marc:subfield><marc:subfield code="d">1937-</marc:subfield><marc:subfield code="t">Sociedade e discurso ficcional</marc:subfield></marc:datafield><marc:datafield ind1="1" ind2="2" tag="700"><marc:subfield code="a">Lima, Luiz Costa</marc:subfield><marc:subfield code="d">1937-</marc:subfield><marc:subfield code="t">Fingidor e o censor</marc:subfield></marc:datafield><marc:datafield ind1="0" ind2="2" tag="740"><marc:subfield code="a">Controle do imagin&#225;rio</marc:subfield></marc:datafield><marc:datafield ind1="0" ind2="2" tag="740"><marc:subfield code="a">Sociedade e discurso ficcional</marc:subfield></marc:datafield><marc:datafield ind1="0" ind2="2" tag="740"><marc:subfield code="a">Fingidor e o censor</marc:subfield></marc:datafield><marc:datafield ind1=" " ind2=" " tag="945"><marc:subfield code="a">L</marc:subfield><marc:subfield code="b">LIVRO</marc:subfield><marc:subfield code="c">01</marc:subfield></marc:datafield><marc:datafield ind1=" " ind2=" " tag="906"><marc:subfield code="a">7</marc:subfield><marc:subfield code="b">cbc</marc:subfield><marc:subfield code="c">origode</marc:subfield><marc:subfield code="d">3</marc:subfield><marc:subfield code="e">ncip</marc:subfield><marc:subfield code="f">20</marc:subfield><marc:subfield code="g">y-gencatlg</marc:subfield></marc:datafield><marc:datafield ind1="0" ind2=" " tag="925"><marc:subfield code="a">acquire</marc:subfield><marc:subfield code="b">1 shelf copy</marc:subfield><marc:subfield code="x">policy default</marc:subfield></marc:datafield><marc:datafield ind1=" " ind2=" " tag="955"><marc:subfield code="a">wr11 2008-08-11</marc:subfield><marc:subfield code="a">be00 2008-10-27</marc:subfield><marc:subfield code="i">be04 2009-10-01</marc:subfield><marc:subfield code="e">be11 2009-10-02 to BCCD</marc:subfield><marc:subfield code="a">Barcode 00150086437 returned from bindery 2009-11-12</marc:subfield></marc:datafield><marc:datafield ind1=" " ind2=" " tag="985"><marc:subfield code="e">ODE-rj</marc:subfield></marc:datafield></marc:record>