<marc:record><marc:leader>00835nam  22002534a 4500</marc:leader><marc:controlfield tag="005">20171025095800.0</marc:controlfield><marc:controlfield tag="008">130318s2008    bl            000 0 por d</marc:controlfield><marc:datafield ind1=" " ind2=" " tag="020"><marc:subfield code="a">9788570416728</marc:subfield></marc:datafield><marc:datafield ind1=" " ind2=" " tag="040"><marc:subfield code="a">USP/SIBI</marc:subfield></marc:datafield><marc:datafield ind1="0" ind2=" " tag="041"><marc:subfield code="a">por</marc:subfield></marc:datafield><marc:datafield ind1=" " ind2=" " tag="044"><marc:subfield code="a">bl</marc:subfield></marc:datafield><marc:datafield ind1="0" ind2="4" tag="082"><marc:subfield code="a">869.915</marc:subfield></marc:datafield><marc:datafield ind1="0" ind2=" " tag="092"><marc:subfield code="a">869.915</marc:subfield></marc:datafield><marc:datafield ind1="1" ind2=" " tag="100"><marc:subfield code="a">&#193;vila, Affonso</marc:subfield><marc:subfield code="d">1928</marc:subfield></marc:datafield><marc:datafield ind1="1" ind2="0" tag="245"><marc:subfield code="a">Homem ao termo</marc:subfield><marc:subfield code="b">poesia reunida (1949-2005)</marc:subfield><marc:subfield code="c">Affonso &#193;vila ; introdu&#231;&#227;o de Benedito Nunes ; carta-posf&#225;cio de Antonio Candido</marc:subfield></marc:datafield><marc:datafield ind1=" " ind2=" " tag="260"><marc:subfield code="a">Belo Horizonte</marc:subfield><marc:subfield code="b">Ufmg</marc:subfield><marc:subfield code="c">2008</marc:subfield></marc:datafield><marc:datafield ind1=" " ind2=" " tag="300"><marc:subfield code="a">669 p</marc:subfield><marc:subfield code="b">ill</marc:subfield><marc:subfield code="c">24 cm</marc:subfield></marc:datafield><marc:datafield ind1=" " ind2=" " tag="590"><marc:subfield code="a">Na Biblioteca da FFLCH, o e. 1 pertence &#224; Cole&#231;&#227;o Antonio Candido</marc:subfield></marc:datafield><marc:datafield ind1=" " ind2="7" tag="650"><marc:subfield code="a">LITERATURA BRASILEIRA</marc:subfield><marc:subfield code="2">larpcal</marc:subfield></marc:datafield><marc:datafield ind1=" " ind2="7" tag="650"><marc:subfield code="a">POESIA</marc:subfield><marc:subfield code="2">larpcal</marc:subfield></marc:datafield><marc:datafield ind1=" " ind2="7" tag="650"><marc:subfield code="a">ANTOLOGIA</marc:subfield><marc:subfield code="2">larpcal</marc:subfield></marc:datafield><marc:datafield ind1="1" ind2=" " tag="700"><marc:subfield code="a">Nunes, Benedito</marc:subfield><marc:subfield code="d">1929-2011</marc:subfield><marc:subfield code="4">intr</marc:subfield></marc:datafield><marc:datafield ind1="1" ind2=" " tag="700"><marc:subfield code="a">C&#226;ndido, Ant&#244;nio</marc:subfield><marc:subfield code="d">1918-</marc:subfield><marc:subfield code="4">posf</marc:subfield></marc:datafield><marc:datafield ind1=" " ind2=" " tag="945"><marc:subfield code="a">L</marc:subfield><marc:subfield code="b">LIVRO</marc:subfield><marc:subfield code="c">01</marc:subfield></marc:datafield></marc:record>