<marc:record><marc:leader>00742nam   200193Ia 45  </marc:leader><marc:controlfield tag="005">20150729100100.0</marc:controlfield><marc:controlfield tag="008">130526s1943    bl            000 0 por d</marc:controlfield><marc:datafield ind1=" " ind2=" " tag="035"><marc:subfield code="z">BBM-2013-033855</marc:subfield></marc:datafield><marc:datafield ind1=" " ind2=" " tag="040"><marc:subfield code="a">USP/SIBi</marc:subfield></marc:datafield><marc:datafield ind1="0" ind2=" " tag="041"><marc:subfield code="a">por</marc:subfield></marc:datafield><marc:datafield ind1=" " ind2=" " tag="044"><marc:subfield code="a">po</marc:subfield></marc:datafield><marc:datafield ind1="1" ind2=" " tag="100"><marc:subfield code="a">Moog, Viana</marc:subfield></marc:datafield><marc:datafield ind1="1" ind2="0" tag="245"><marc:subfield code="a">Uma interpreta&#231;&#227;o da literatura brasileira</marc:subfield><marc:subfield code="c">Viana Moog</marc:subfield></marc:datafield><marc:datafield ind1=" " ind2=" " tag="260"><marc:subfield code="a">Rio de Janeiro</marc:subfield><marc:subfield code="b">Casa do Estudante do Brasil</marc:subfield><marc:subfield code="c">1943</marc:subfield></marc:datafield><marc:datafield ind1=" " ind2=" " tag="300"><marc:subfield code="a">80 p</marc:subfield><marc:subfield code="c">16 x 11,6 cm</marc:subfield></marc:datafield><marc:datafield ind1="0" ind2=" " tag="490"><marc:subfield code="a">Edi&#231;&#245;es de Cultura. S&#233;rie Confer&#234;ncias.</marc:subfield></marc:datafield><marc:datafield ind1=" " ind2=" " tag="500"><marc:subfield code="a">"Confer&#234;ncia lida no Sal&#227;o de Confer&#234;ncias da Biblioteca do Minist&#233;rio das Rela&#231;&#245;es Exteriores do Brasil, no dia 29 de outubro de 1942" (p&#225;gina de rosto)</marc:subfield></marc:datafield><marc:datafield ind1=" " ind2="7" tag="650"><marc:subfield code="a">LITERATURA BRASILEIRA (HIST&#211;RIA E CR&#205;TICA)</marc:subfield><marc:subfield code="2">larpcal</marc:subfield></marc:datafield><marc:datafield ind1=" " ind2=" " tag="945"><marc:subfield code="a">L</marc:subfield><marc:subfield code="b">LIVRO</marc:subfield><marc:subfield code="c">01</marc:subfield></marc:datafield></marc:record>