<marc:record><marc:leader>01806cam  2200421 i 4500</marc:leader><marc:controlfield tag="005">20130610105750.0</marc:controlfield><marc:controlfield tag="008">130515s2012    bl       b    000 0 por c</marc:controlfield><marc:datafield ind1=" " ind2=" " tag="020"><marc:subfield code="a">9788576314035</marc:subfield></marc:datafield><marc:datafield ind1=" " ind2=" " tag="020"><marc:subfield code="a">8576314037</marc:subfield></marc:datafield><marc:datafield ind1=" " ind2=" " tag="035"><marc:subfield code="a">(OCoLC)843116613</marc:subfield></marc:datafield><marc:datafield ind1=" " ind2=" " tag="040"><marc:subfield code="a">MNU</marc:subfield><marc:subfield code="b">eng</marc:subfield><marc:subfield code="e">rda</marc:subfield><marc:subfield code="c">MNU</marc:subfield><marc:subfield code="d">OCLCQ</marc:subfield></marc:datafield><marc:datafield ind1="1" ind2=" " tag="041"><marc:subfield code="a">por</marc:subfield><marc:subfield code="a">eng</marc:subfield></marc:datafield><marc:datafield ind1=" " ind2=" " tag="042"><marc:subfield code="a">pcc</marc:subfield></marc:datafield><marc:datafield ind1=" " ind2=" " tag="043"><marc:subfield code="a">s-bl---</marc:subfield><marc:subfield code="a">n-us---</marc:subfield></marc:datafield><marc:datafield ind1=" " ind2=" " tag="044"><marc:subfield code="a">bl</marc:subfield></marc:datafield><marc:datafield ind1=" " ind2="4" tag="050"><marc:subfield code="a">F2538</marc:subfield><marc:subfield code="b">.M66613 2012</marc:subfield></marc:datafield><marc:datafield ind1="0" ind2=" " tag="092"><marc:subfield code="a">327.81</marc:subfield></marc:datafield><marc:datafield ind1="1" ind2=" " tag="100"><marc:subfield code="a">Moura, Gerson</marc:subfield></marc:datafield><marc:datafield ind1="1" ind2="0" tag="240"><marc:subfield code="a">Brazilian foreign relations, 1939-1950</marc:subfield><marc:subfield code="l">Portuguese</marc:subfield></marc:datafield><marc:datafield ind1="1" ind2="0" tag="245"><marc:subfield code="a">Rela&#231;&#245;es exteriores do Brasil, 1939-1950</marc:subfield><marc:subfield code="b">mudan&#231;as na natureza das rela&#231;&#245;es Brasil-Estados Unidos durante e ap&#243;s a Segunda Guerra Mundial</marc:subfield><marc:subfield code="c">Gerson Moura ; apresenta&#231;&#227;o Let&#237;cia Pinheiro ; pref&#225;cio Leslie Bethell</marc:subfield></marc:datafield><marc:datafield ind1="3" ind2="0" tag="246"><marc:subfield code="a">Mudan&#231;as na natureza das rela&#231;&#245;es Brasil-Estados Unidos durante e ap&#243;s a Segunda Guerra Mundial</marc:subfield></marc:datafield><marc:datafield ind1=" " ind2=" " tag="260"><marc:subfield code="a">Bras&#237;lia</marc:subfield><marc:subfield code="b">Funda&#231;&#227;o Alexandre de Gusm&#227;o</marc:subfield><marc:subfield code="c">2012</marc:subfield></marc:datafield><marc:datafield ind1=" " ind2=" " tag="300"><marc:subfield code="a">277 pages</marc:subfield><marc:subfield code="c">23 cm</marc:subfield></marc:datafield><marc:datafield ind1=" " ind2=" " tag="500"><marc:subfield code="a">"609" -- Spine</marc:subfield></marc:datafield><marc:datafield ind1=" " ind2=" " tag="500"><marc:subfield code="a">Originalmente apresentado como tese do autor (Doutorado - University College London)</marc:subfield></marc:datafield><marc:datafield ind1=" " ind2=" " tag="504"><marc:subfield code="a">Includes bibliographical references (pages 259-277)</marc:subfield></marc:datafield><marc:datafield ind1=" " ind2=" " tag="590"><marc:subfield code="a">Na Biblioteca da FFLCH, o e. 2 pertence &#224; Cole&#231;&#227;o Antonio Candido</marc:subfield></marc:datafield><marc:datafield ind1=" " ind2="0" tag="650"><marc:subfield code="a">World War, 1939-1945</marc:subfield><marc:subfield code="z">Brazil</marc:subfield></marc:datafield><marc:datafield ind1=" " ind2="7" tag="650"><marc:subfield code="a">RELA&#199;&#213;ES INTERNACIONAIS</marc:subfield><marc:subfield code="z">BRASIL;ESTADOS UNIDOS</marc:subfield><marc:subfield code="2">larpcal</marc:subfield></marc:datafield><marc:datafield ind1=" " ind2="7" tag="650"><marc:subfield code="a">RELA&#199;&#213;ES EXTERIORES</marc:subfield><marc:subfield code="z">ESTADOS UNIDOS;BRASIL</marc:subfield><marc:subfield code="2">larpcal</marc:subfield></marc:datafield><marc:datafield ind1=" " ind2="7" tag="650"><marc:subfield code="a">SEGUNDA GUERRA MUNDIAL (1939-1945)</marc:subfield><marc:subfield code="2">larpcal</marc:subfield></marc:datafield><marc:datafield ind1=" " ind2="0" tag="651"><marc:subfield code="a">Brazil</marc:subfield><marc:subfield code="x">Foreign relations</marc:subfield><marc:subfield code="y">1930-1945</marc:subfield></marc:datafield><marc:datafield ind1=" " ind2="0" tag="651"><marc:subfield code="a">Brazil</marc:subfield><marc:subfield code="x">Foreign relations</marc:subfield><marc:subfield code="y">1945-1954</marc:subfield></marc:datafield><marc:datafield ind1=" " ind2="0" tag="651"><marc:subfield code="a">Brazil</marc:subfield><marc:subfield code="x">Foreign relations</marc:subfield><marc:subfield code="z">United States</marc:subfield></marc:datafield><marc:datafield ind1=" " ind2="0" tag="651"><marc:subfield code="a">United States</marc:subfield><marc:subfield code="x">Foreign relations</marc:subfield><marc:subfield code="z">Brazil</marc:subfield></marc:datafield><marc:datafield ind1="1" ind2=" " tag="700"><marc:subfield code="a">Pinheiro, Let&#237;cia</marc:subfield><marc:subfield code="4">apres</marc:subfield></marc:datafield><marc:datafield ind1="1" ind2=" " tag="700"><marc:subfield code="a">Bethell, Leslie</marc:subfield><marc:subfield code="4">pref</marc:subfield></marc:datafield><marc:datafield ind1=" " ind2=" " tag="945"><marc:subfield code="a">L</marc:subfield><marc:subfield code="b">LIVRO</marc:subfield><marc:subfield code="c">01</marc:subfield></marc:datafield></marc:record>