<marc:record><marc:leader>01223nam  22002294a 4500</marc:leader><marc:controlfield tag="005">20160105161700.0</marc:controlfield><marc:controlfield tag="008">130618s2013    bl o   fr     000 0 por d</marc:controlfield><marc:datafield ind1=" " ind2=" " tag="020"><marc:subfield code="a">9788579391132</marc:subfield></marc:datafield><marc:datafield ind1=" " ind2=" " tag="040"><marc:subfield code="a">USP/SIBI</marc:subfield></marc:datafield><marc:datafield ind1="0" ind2=" " tag="041"><marc:subfield code="a">por</marc:subfield></marc:datafield><marc:datafield ind1=" " ind2=" " tag="044"><marc:subfield code="a">bl</marc:subfield></marc:datafield><marc:datafield ind1="1" ind2=" " tag="100"><marc:subfield code="a">Gon&#231;alves, Camila Koshiba</marc:subfield></marc:datafield><marc:datafield ind1="1" ind2="0" tag="245"><marc:subfield code="a">M&#250;sica em 78 rota&#231;&#245;es</marc:subfield><marc:subfield code="b">"discos a todos os pre&#231;os" na S&#227;o Paulo dos anos 30</marc:subfield><marc:subfield code="c">Camila Koshiba Gon&#231;alves</marc:subfield></marc:datafield><marc:datafield ind1=" " ind2=" " tag="260"><marc:subfield code="a">S&#227;o Paulo</marc:subfield><marc:subfield code="b">Alameda</marc:subfield><marc:subfield code="c">2013</marc:subfield></marc:datafield><marc:datafield ind1=" " ind2=" " tag="300"><marc:subfield code="a">343 p</marc:subfield><marc:subfield code="b">tab., il., fots.</marc:subfield><marc:subfield code="c">21 cm</marc:subfield></marc:datafield><marc:datafield ind1=" " ind2=" " tag="500"><marc:subfield code="a">Originalmente apresentado como Disserta&#231;&#227;o (Mestrado -- Faculdade de Filosofia, Letras e Ci&#234;ncias Humanas da Universidade de S&#227;o Paulo), 2006</marc:subfield></marc:datafield><marc:datafield ind1=" " ind2=" " tag="504"><marc:subfield code="a">Inclui fontes e refer&#234;ncias bibliogr&#225;ficas (p.[321]-337)</marc:subfield></marc:datafield><marc:datafield ind1=" " ind2=" " tag="586"><marc:subfield code="a">Trabalho vencedor no Concurso Silvio Romero de Monografias sobre Folclore e Cultura Popular, no ano de 2007, do Instituto do Patrim&#244;nio Hist&#243;rico e Art&#237;stico Nacional , por meio do Centro Nacional de Folclore e Cultural Popular - IPHAN/CNFCP</marc:subfield></marc:datafield><marc:datafield ind1=" " ind2="7" tag="650"><marc:subfield code="a">IND&#218;STRIA FONOGR&#193;FICA (HIST&#211;RIA)</marc:subfield><marc:subfield code="y">S&#201;CULO 20</marc:subfield><marc:subfield code="z">BRASIL</marc:subfield><marc:subfield code="2">larpcal</marc:subfield></marc:datafield><marc:datafield ind1=" " ind2="7" tag="650"><marc:subfield code="a">M&#218;SICA POPULAR</marc:subfield><marc:subfield code="y">S&#201;CULO 20;D&#201;CADA DE 30</marc:subfield><marc:subfield code="z">BRASIL</marc:subfield><marc:subfield code="2">larpcal</marc:subfield></marc:datafield><marc:datafield ind1=" " ind2="7" tag="650"><marc:subfield code="a">PRODU&#199;&#195;O FONOGR&#193;FICA</marc:subfield><marc:subfield code="y">S&#201;CULO 20;D&#201;CADA DE 30</marc:subfield><marc:subfield code="z">BRASIL</marc:subfield><marc:subfield code="2">larpcal</marc:subfield></marc:datafield><marc:datafield ind1=" " ind2=" " tag="945"><marc:subfield code="a">L</marc:subfield><marc:subfield code="b">LIVRO</marc:subfield><marc:subfield code="c">01</marc:subfield></marc:datafield></marc:record>