<marc:record><marc:leader>00767cam  22002534a 4500</marc:leader><marc:controlfield tag="001">17686188</marc:controlfield><marc:controlfield tag="005">20130405090620.0</marc:controlfield><marc:controlfield tag="008">130405s2012    bl a          000 0 por  </marc:controlfield><marc:datafield ind1=" " ind2=" " tag="010"><marc:subfield code="a">2013346177</marc:subfield></marc:datafield><marc:datafield ind1=" " ind2=" " tag="020"><marc:subfield code="a">9788599799260</marc:subfield></marc:datafield><marc:datafield ind1=" " ind2=" " tag="040"><marc:subfield code="a">DLC</marc:subfield><marc:subfield code="b">eng</marc:subfield><marc:subfield code="c">DLC</marc:subfield><marc:subfield code="e">rda</marc:subfield></marc:datafield><marc:datafield ind1="0" ind2=" " tag="041"><marc:subfield code="a">por</marc:subfield></marc:datafield><marc:datafield ind1=" " ind2=" " tag="042"><marc:subfield code="a">lcode</marc:subfield></marc:datafield><marc:datafield ind1=" " ind2=" " tag="044"><marc:subfield code="a">bl</marc:subfield></marc:datafield><marc:datafield ind1="0" ind2="4" tag="082"><marc:subfield code="a">981.42</marc:subfield></marc:datafield><marc:datafield ind1="0" ind2=" " tag="092"><marc:subfield code="a">981.42</marc:subfield></marc:datafield><marc:datafield ind1="1" ind2=" " tag="100"><marc:subfield code="a">Neves, Erivaldo Fagundes</marc:subfield></marc:datafield><marc:datafield ind1="1" ind2="0" tag="245"><marc:subfield code="a">Escravid&#227;o, pecu&#225;ria e policultura</marc:subfield><marc:subfield code="b">Alto Sert&#227;o da Bahia, s&#233;culo XIX</marc:subfield><marc:subfield code="c">Erivaldo Fagundes Neves</marc:subfield></marc:datafield><marc:datafield ind1=" " ind2=" " tag="260"><marc:subfield code="a">Feira de Santana</marc:subfield><marc:subfield code="b">UEFS</marc:subfield><marc:subfield code="c">2012</marc:subfield></marc:datafield><marc:datafield ind1=" " ind2=" " tag="300"><marc:subfield code="a">305 p</marc:subfield><marc:subfield code="b">ill</marc:subfield><marc:subfield code="c">22 cm</marc:subfield></marc:datafield><marc:datafield ind1=" " ind2="7" tag="650"><marc:subfield code="a">ESCRAVID&#195;O</marc:subfield><marc:subfield code="z">BAHIA</marc:subfield><marc:subfield code="2">larpcal</marc:subfield></marc:datafield><marc:datafield ind1=" " ind2="7" tag="651"><marc:subfield code="a">BAHIA (CONDI&#199;&#213;ES ECON&#212;MICAS)</marc:subfield><marc:subfield code="y">S&#201;CULO 19</marc:subfield><marc:subfield code="2">larpcal</marc:subfield></marc:datafield><marc:datafield ind1=" " ind2="7" tag="650"><marc:subfield code="a">HIST&#211;RIA AGR&#193;RIA</marc:subfield><marc:subfield code="y">S&#201;CULO 19</marc:subfield><marc:subfield code="z">BAHIA</marc:subfield><marc:subfield code="2">larpcal</marc:subfield></marc:datafield><marc:datafield ind1=" " ind2=" " tag="945"><marc:subfield code="a">L</marc:subfield><marc:subfield code="b">LIVRO</marc:subfield><marc:subfield code="c">01</marc:subfield></marc:datafield></marc:record>