<marc:record><marc:leader>00823nam  2200229Ia 4500</marc:leader><marc:controlfield tag="005">20140414132500.0</marc:controlfield><marc:controlfield tag="008">860606s1976    bl            000 0 por d</marc:controlfield><marc:datafield ind1=" " ind2=" " tag="035"><marc:subfield code="z">900854637</marc:subfield></marc:datafield><marc:datafield ind1=" " ind2=" " tag="040"><marc:subfield code="a">USP/SIBI</marc:subfield></marc:datafield><marc:datafield ind1="0" ind2=" " tag="041"><marc:subfield code="a">por</marc:subfield></marc:datafield><marc:datafield ind1=" " ind2=" " tag="044"><marc:subfield code="a">bl</marc:subfield></marc:datafield><marc:datafield ind1="0" ind2=" " tag="092"><marc:subfield code="a">869.935</marc:subfield></marc:datafield><marc:datafield ind1="1" ind2=" " tag="100"><marc:subfield code="a">Ramos, Graciliano</marc:subfield></marc:datafield><marc:datafield ind1="1" ind2="0" tag="245"><marc:subfield code="a">Sele&#231;&#227;o de contos brasileiros</marc:subfield><marc:subfield code="b">a apresenta&#231;&#227;o segue um crit&#233;rio geogr&#225;fico, incluindo escritores antigos e modernos de todo o pa&#237;s</marc:subfield><marc:subfield code="c">Graciliano Ramos ; ilustra&#231;&#245;es Cleoo</marc:subfield></marc:datafield><marc:datafield ind1=" " ind2=" " tag="260"><marc:subfield code="a">Rio de Janeiro</marc:subfield><marc:subfield code="b">Edi&#231;&#245;es de Ouro</marc:subfield><marc:subfield code="c">1976</marc:subfield></marc:datafield><marc:datafield ind1=" " ind2=" " tag="300"><marc:subfield code="a">3v</marc:subfield></marc:datafield><marc:datafield ind1="0" ind2=" " tag="490"><marc:subfield code="a">Cl&#225;ssicos brasileiros</marc:subfield></marc:datafield><marc:datafield ind1="0" ind2=" " tag="505"><marc:subfield code="a">v.1 - Norte e Nordeste -- v.2 - Leste -- v.3 - Sul e Centro Oeste</marc:subfield></marc:datafield><marc:datafield ind1=" " ind2=" " tag="590"><marc:subfield code="a">Na Biblioteca da FFLCH, e. 1 pertence &#224; Cole&#231;&#227;o Lucila Bernadet</marc:subfield></marc:datafield><marc:datafield ind1=" " ind2="7" tag="650"><marc:subfield code="a">CONTO</marc:subfield><marc:subfield code="z">BRASIL</marc:subfield><marc:subfield code="2">larpcal</marc:subfield></marc:datafield><marc:datafield ind1="1" ind2=" " tag="700"><marc:subfield code="a">Cleoo</marc:subfield><marc:subfield code="4">il</marc:subfield></marc:datafield><marc:datafield ind1=" " ind2=" " tag="945"><marc:subfield code="a">L</marc:subfield><marc:subfield code="b">LIVRO</marc:subfield><marc:subfield code="c">01</marc:subfield></marc:datafield></marc:record>