<marc:record><marc:leader>00919nam  2200253Ia 4500</marc:leader><marc:controlfield tag="005">20150610165300.0</marc:controlfield><marc:controlfield tag="008">870709s1955    bl            000 0 por d</marc:controlfield><marc:datafield ind1=" " ind2=" " tag="040"><marc:subfield code="a">USP/SIBI</marc:subfield></marc:datafield><marc:datafield ind1="0" ind2=" " tag="041"><marc:subfield code="a">por</marc:subfield><marc:subfield code="a">eng</marc:subfield></marc:datafield><marc:datafield ind1=" " ind2=" " tag="044"><marc:subfield code="a">bl</marc:subfield></marc:datafield><marc:datafield ind1=" " ind2=" " tag="092"><marc:subfield code="a">822</marc:subfield></marc:datafield><marc:datafield ind1="1" ind2=" " tag="100"><marc:subfield code="a">Shakespeare, William</marc:subfield><marc:subfield code="d">1564-1616</marc:subfield></marc:datafield><marc:datafield ind1="1" ind2="4" tag="242"><marc:subfield code="a">The historie of Hamlet</marc:subfield></marc:datafield><marc:datafield ind1="1" ind2="2" tag="245"><marc:subfield code="a">A trag&#233;dia de Hamlet, pr&#237;ncipe da Dinamarca</marc:subfield><marc:subfield code="c">William Shakespeare ; tradu&#231;&#227;o, introdu&#231;&#227;o e notas de P&#233;ricles Eug&#234;nio da Silva Ramos</marc:subfield></marc:datafield><marc:datafield ind1="1" ind2="0" tag="246"><marc:subfield code="a">Hamlet</marc:subfield></marc:datafield><marc:datafield ind1=" " ind2=" " tag="260"><marc:subfield code="a">Rio de JAneiro</marc:subfield><marc:subfield code="b">Jos&#233; Olympio</marc:subfield><marc:subfield code="c">1955</marc:subfield></marc:datafield><marc:datafield ind1=" " ind2=" " tag="300"><marc:subfield code="a">280 p</marc:subfield></marc:datafield><marc:datafield ind1=" " ind2=" " tag="500"><marc:subfield code="a">T&#237;tulo original : The historie of Hamlet</marc:subfield></marc:datafield><marc:datafield ind1=" " ind2=" " tag="590"><marc:subfield code="a">Na Biblioteca da FFLCH, o e. 1 pertence &#224; Cole&#231;&#227;o Lucila Bernadet</marc:subfield></marc:datafield><marc:datafield ind1=" " ind2="7" tag="650"><marc:subfield code="a">TEATRO ELIZABETANO</marc:subfield><marc:subfield code="2">larpcal</marc:subfield></marc:datafield><marc:datafield ind1=" " ind2="7" tag="650"><marc:subfield code="a">LITERATURA INGLESA</marc:subfield><marc:subfield code="2">larpcal</marc:subfield></marc:datafield><marc:datafield ind1=" " ind2="7" tag="655"><marc:subfield code="a">PE&#199;A DE TEATRO</marc:subfield><marc:subfield code="z">INGLATERRA</marc:subfield><marc:subfield code="2">larpcal</marc:subfield></marc:datafield><marc:datafield ind1="1" ind2=" " tag="700"><marc:subfield code="a">Ramos, P&#233;ricles Eug&#234;nio da Silva</marc:subfield><marc:subfield code="4">trad</marc:subfield><marc:subfield code="4">intr</marc:subfield><marc:subfield code="p">notas</marc:subfield></marc:datafield><marc:datafield ind1=" " ind2=" " tag="945"><marc:subfield code="a">L</marc:subfield><marc:subfield code="b">LIVRO</marc:subfield><marc:subfield code="c">01</marc:subfield></marc:datafield></marc:record>