<marc:record><marc:leader>00783nam  2200265 a 4500</marc:leader><marc:controlfield tag="001">1925808</marc:controlfield><marc:controlfield tag="005">19860318000000.0</marc:controlfield><marc:controlfield tag="008">851112s1983    bl            000 0 por  </marc:controlfield><marc:datafield ind1=" " ind2=" " tag="010"><marc:subfield code="a">85227209</marc:subfield></marc:datafield><marc:datafield ind1=" " ind2=" " tag="020"><marc:subfield code="c">CR$10,000</marc:subfield></marc:datafield><marc:datafield ind1=" " ind2=" " tag="040"><marc:subfield code="a">DLC</marc:subfield><marc:subfield code="c">DLC</marc:subfield><marc:subfield code="d">DLC</marc:subfield></marc:datafield><marc:datafield ind1="0" ind2=" " tag="041"><marc:subfield code="a">por</marc:subfield></marc:datafield><marc:datafield ind1=" " ind2=" " tag="044"><marc:subfield code="a">bl</marc:subfield></marc:datafield><marc:datafield ind1="0" ind2="0" tag="050"><marc:subfield code="a">PQ9697.H5</marc:subfield><marc:subfield code="b">C36 1983</marc:subfield></marc:datafield><marc:datafield ind1="0" ind2="0" tag="082"><marc:subfield code="a">869.1</marc:subfield><marc:subfield code="2">19</marc:subfield></marc:datafield><marc:datafield ind1="0" ind2=" " tag="092"><marc:subfield code="a">869.915</marc:subfield></marc:datafield><marc:datafield ind1="1" ind2=" " tag="100"><marc:subfield code="a">Hilst, Hilda</marc:subfield><marc:subfield code="d">1930-2004</marc:subfield></marc:datafield><marc:datafield ind1="1" ind2="0" tag="245"><marc:subfield code="a">Cantares de perda e predile&#231;&#227;o</marc:subfield><marc:subfield code="c">Hilda Hilst ; capa de Olga Bilenky</marc:subfield></marc:datafield><marc:datafield ind1=" " ind2=" " tag="260"><marc:subfield code="a">S&#227;o Paulo</marc:subfield><marc:subfield code="b">M. Ohno-M.L. Pires e Albuquerque</marc:subfield><marc:subfield code="c">1983</marc:subfield></marc:datafield><marc:datafield ind1=" " ind2=" " tag="300"><marc:subfield code="a">[70 p]</marc:subfield><marc:subfield code="c">23 cm</marc:subfield></marc:datafield><marc:datafield ind1=" " ind2=" " tag="590"><marc:subfield code="a">Na Biblioteca da FFLCH, o e. 1 pertence &#224; Cole&#231;&#227;o Lucila Bernadet</marc:subfield></marc:datafield><marc:datafield ind1=" " ind2="7" tag="650"><marc:subfield code="a">LITERATURA BRASILEIRA</marc:subfield><marc:subfield code="2">larpcal</marc:subfield></marc:datafield><marc:datafield ind1=" " ind2="7" tag="650"><marc:subfield code="a">POESIA</marc:subfield><marc:subfield code="2">larpcal</marc:subfield></marc:datafield><marc:datafield ind1="1" ind2=" " tag="700"><marc:subfield code="a">Bilenky, Olga</marc:subfield><marc:subfield code="4">il</marc:subfield></marc:datafield><marc:datafield ind1=" " ind2=" " tag="945"><marc:subfield code="a">L</marc:subfield><marc:subfield code="b">LIVRO</marc:subfield><marc:subfield code="c">01</marc:subfield></marc:datafield></marc:record>