<marc:record><marc:leader>01220nam  2200241Ia 4500</marc:leader><marc:controlfield tag="005">20161202165900.0</marc:controlfield><marc:controlfield tag="008">140929s2013    bl            000 0 por d</marc:controlfield><marc:datafield ind1=" " ind2=" " tag="020"><marc:subfield code="a">9788540505612</marc:subfield></marc:datafield><marc:datafield ind1=" " ind2=" " tag="020"><marc:subfield code="a">9788599786062</marc:subfield></marc:datafield><marc:datafield ind1=" " ind2=" " tag="040"><marc:subfield code="a">USP/SIBI</marc:subfield></marc:datafield><marc:datafield ind1="1" ind2=" " tag="041"><marc:subfield code="a">por</marc:subfield></marc:datafield><marc:datafield ind1=" " ind2=" " tag="044"><marc:subfield code="a">bl</marc:subfield></marc:datafield><marc:datafield ind1="0" ind2="1" tag="098"><marc:subfield code="a">869.0(81)-1</marc:subfield></marc:datafield><marc:datafield ind1="1" ind2=" " tag="100"><marc:subfield code="a">Lima, Jorge de</marc:subfield></marc:datafield><marc:datafield ind1="1" ind2="0" tag="245"><marc:subfield code="a">Inven&#231;&#227;o de Orfeu</marc:subfield><marc:subfield code="c">Jorge de Lima ; estabelecimento de texto e posf&#225;cio F&#225;bio de Souza Andrade</marc:subfield></marc:datafield><marc:datafield ind1=" " ind2=" " tag="260"><marc:subfield code="a">S&#227;o Paulo</marc:subfield><marc:subfield code="b">Cosacnaify</marc:subfield><marc:subfield code="c">2013</marc:subfield></marc:datafield><marc:datafield ind1=" " ind2=" " tag="300"><marc:subfield code="a">669 p</marc:subfield><marc:subfield code="c">20 cm</marc:subfield></marc:datafield><marc:datafield ind1=" " ind2=" " tag="504"><marc:subfield code="a">Inclui refer&#234;ncias bibliogr&#225;ficas e &#237;ndice de primeiros versos</marc:subfield></marc:datafield><marc:datafield ind1="0" ind2=" " tag="505"><marc:subfield code="a">Inven&#231;&#227;o de Orfeu / Jorge de Lima, p. 15-637 -- Documentos / F&#225;bio de Souza Andrade, p. 483-503 -- Anota&#231;&#245;es do autor na 1&#170; edi&#231;&#227;o, p. 505-512 -- Inven&#231;&#227;o de Orfeu / Murilo Mendes, p. 515-520 -- A luta com o anjo / Murilo Mendes, p. 521-525 -- Os trabalhos do poeta / Murilo Mendes, p. 527-531 -- Pref&#225;cio &#224; 1&#170; edi&#231;&#227;o (1952) / Jo&#227;o Gaspar Sim&#245;es, p. 533-554 -- Revendo Jorge de Lima / M&#225;rio Faustino, p. 555-637 -- Posf&#225;cio / F&#225;bio de Souza Andrade, p.641-659</marc:subfield></marc:datafield><marc:datafield ind1=" " ind2="7" tag="650"><marc:subfield code="a">LITERATURA BRASILEIRA</marc:subfield><marc:subfield code="2">larpcal</marc:subfield></marc:datafield><marc:datafield ind1=" " ind2="7" tag="650"><marc:subfield code="a">POESIA</marc:subfield><marc:subfield code="z">BRASIL</marc:subfield><marc:subfield code="2">larpcal</marc:subfield></marc:datafield><marc:datafield ind1="1" ind2=" " tag="700"><marc:subfield code="a">Andrade, F&#225;bio de Souza</marc:subfield><marc:subfield code="4">posf</marc:subfield></marc:datafield><marc:datafield ind1=" " ind2=" " tag="945"><marc:subfield code="a">L</marc:subfield><marc:subfield code="b">LIVRO</marc:subfield><marc:subfield code="c">01</marc:subfield></marc:datafield></marc:record>