<marc:record><marc:leader>01783cam  2200277Ia 4500</marc:leader><marc:controlfield tag="005">20140930142126.0</marc:controlfield><marc:controlfield tag="008">140416s2014    bl a          000 0 por d</marc:controlfield><marc:datafield ind1=" " ind2=" " tag="020"><marc:subfield code="a">9788560965533</marc:subfield></marc:datafield><marc:datafield ind1=" " ind2=" " tag="020"><marc:subfield code="a">856096553X</marc:subfield></marc:datafield><marc:datafield ind1=" " ind2=" " tag="035"><marc:subfield code="a">(OCoLC)880684052</marc:subfield></marc:datafield><marc:datafield ind1=" " ind2=" " tag="040"><marc:subfield code="a">SBACH</marc:subfield><marc:subfield code="b">eng</marc:subfield><marc:subfield code="c">SBACH</marc:subfield><marc:subfield code="d">STF</marc:subfield><marc:subfield code="d">H7K</marc:subfield><marc:subfield code="d">OCLCO</marc:subfield><marc:subfield code="d">JPG</marc:subfield></marc:datafield><marc:datafield ind1="0" ind2=" " tag="041"><marc:subfield code="a">por</marc:subfield></marc:datafield><marc:datafield ind1=" " ind2=" " tag="044"><marc:subfield code="a">bl</marc:subfield></marc:datafield><marc:datafield ind1=" " ind2="4" tag="050"><marc:subfield code="a">N6659.V36</marc:subfield><marc:subfield code="b">S39x 2014</marc:subfield></marc:datafield><marc:datafield ind1="0" ind2=" " tag="092"><marc:subfield code="a">709.05</marc:subfield></marc:datafield><marc:datafield ind1="1" ind2=" " tag="100"><marc:subfield code="a">Schwarcz, Lilia Moritz</marc:subfield></marc:datafield><marc:datafield ind1="1" ind2="0" tag="245"><marc:subfield code="a">P&#233;rola imperfeita</marc:subfield><marc:subfield code="b">a hist&#243;ria e as hist&#243;rias na obra de Adriana Varej&#227;o</marc:subfield><marc:subfield code="c">Lilia Moritz Schwarcz &amp; Adriana Varej&#227;o</marc:subfield></marc:datafield><marc:datafield ind1=" " ind2=" " tag="260"><marc:subfield code="a">Rio de Janeiro</marc:subfield><marc:subfield code="b">Cobog&#243;</marc:subfield><marc:subfield code="c">c2014</marc:subfield><marc:subfield code="a">S&#227;o Paulo</marc:subfield><marc:subfield code="b">Companhia das Letras</marc:subfield></marc:datafield><marc:datafield ind1=" " ind2=" " tag="300"><marc:subfield code="a">351 p</marc:subfield><marc:subfield code="b">ill. (chiefly col.)</marc:subfield><marc:subfield code="c">26 cm</marc:subfield></marc:datafield><marc:datafield ind1=" " ind2=" " tag="504"><marc:subfield code="a">Includes bibliographical references</marc:subfield></marc:datafield><marc:datafield ind1="8" ind2=" " tag="505"><marc:subfield code="a">Apresenta&#231;ao. Duas autoras atr&#225;s de um nome -- Introdu&#231;&#227;o. Nas nebulosas x, y, e z -- Primeira cena coincidencia n&#250;mero 1 -- Primeira cena coincidencia n&#250;mero 2 -- Capitulo 1. Coloniza&#231;ao combina com hibridiza&#231;ao -- Canibalismos ou quem comeu quem -- Ex-votos antropofagias e rituais: De Bry na bagagem -- Capitulo 2. Tempos de artistas franceses e europeus; tempos de Brasil -- Conversa com Debret -- Id&#237;lio &#224; la Taunay -- Historias de Frans Post -- Reflexos de reflexos -- Capitulo 3. Azulejos, saunas e charques. Cor, pureza e contraven&#231;ao -- Dentro e fora: os dois -- Linguas -- Lingua e Fontana -- Capitulo 4. Uma conversa com Bardele e entre pratos -- Capitulo 5. Nos, os Yanomami -- Parentese final. Cartografando a obra -- Irezumis, Tiradentes e peles: era uma vez uma conclusao ou mudando de Pele</marc:subfield></marc:datafield><marc:datafield ind1="1" ind2="7" tag="600"><marc:subfield code="a">Varej&#227;o, Adriana</marc:subfield><marc:subfield code="d">1964-</marc:subfield><marc:subfield code="2">larpcal</marc:subfield></marc:datafield><marc:datafield ind1=" " ind2="0" tag="650"><marc:subfield code="a">Art, Brazilian</marc:subfield><marc:subfield code="y">20th century</marc:subfield><marc:subfield code="v">Catalogs.</marc:subfield></marc:datafield><marc:datafield ind1=" " ind2="7" tag="650"><marc:subfield code="a">ARTE CONTEMPOR&#194;NEA</marc:subfield><marc:subfield code="y">S&#201;CULO 21</marc:subfield><marc:subfield code="z">BRASIL</marc:subfield><marc:subfield code="2">larpcal</marc:subfield></marc:datafield><marc:datafield ind1="1" ind2=" " tag="700"><marc:subfield code="a">Varej&#227;o, Adriana</marc:subfield><marc:subfield code="d">1964-</marc:subfield></marc:datafield><marc:datafield ind1=" " ind2=" " tag="945"><marc:subfield code="a">L</marc:subfield><marc:subfield code="b">LIVRO</marc:subfield><marc:subfield code="c">01</marc:subfield></marc:datafield></marc:record>