<marc:record><marc:leader>01157nam a2200253 a 4500</marc:leader><marc:controlfield tag="005">20150310110900.0</marc:controlfield><marc:controlfield tag="008">141022s2013    bl            000 0 por d</marc:controlfield><marc:datafield ind1=" " ind2=" " tag="020"><marc:subfield code="a">9788582173077</marc:subfield></marc:datafield><marc:datafield ind1=" " ind2=" " tag="040"><marc:subfield code="a">USP/SIBI</marc:subfield></marc:datafield><marc:datafield ind1="0" ind2=" " tag="041"><marc:subfield code="a">por</marc:subfield></marc:datafield><marc:datafield ind1=" " ind2=" " tag="044"><marc:subfield code="a">bl</marc:subfield></marc:datafield><marc:datafield ind1="0" ind2=" " tag="092"><marc:subfield code="a">869.9711</marc:subfield></marc:datafield><marc:datafield ind1="1" ind2=" " tag="100"><marc:subfield code="a">Matos, Greg&#243;rio de</marc:subfield><marc:subfield code="d">1636-1696?</marc:subfield></marc:datafield><marc:datafield ind1="1" ind2="0" tag="245"><marc:subfield code="a">Greg&#243;rio de Matos</marc:subfield><marc:subfield code="c">Jo&#227;o Adolfo Hansen [e] Marcello Moreira, edi&#231;&#227;o e estudo</marc:subfield></marc:datafield><marc:datafield ind1=" " ind2=" " tag="260"><marc:subfield code="a">Belo Horizonte</marc:subfield><marc:subfield code="b">Aut&#234;ntica</marc:subfield><marc:subfield code="c">2013</marc:subfield></marc:datafield><marc:datafield ind1=" " ind2=" " tag="300"><marc:subfield code="a">5 v.</marc:subfield><marc:subfield code="c">22 cm</marc:subfield></marc:datafield><marc:datafield ind1="0" ind2=" " tag="505"><marc:subfield code="a">Conte&#250;do: v.1-4. Poemas atribuidos. C&#243;dice Asensio-Cunha -- v.5. Para que todos entendais. Poesia atribu&#237;da a Greg&#243;rio de Matos e Guerra. Letrados, manuscritura, ret&#243;rica, autoria, obra e p&#250;blico na Bahia dos s&#233;culos XVII e XVIII</marc:subfield></marc:datafield><marc:datafield ind1=" " ind2="7" tag="650"><marc:subfield code="a">LITERATURA BRASILEIRA</marc:subfield><marc:subfield code="2">larpcal</marc:subfield></marc:datafield><marc:datafield ind1=" " ind2="7" tag="650"><marc:subfield code="a">POESIA</marc:subfield><marc:subfield code="y">S&#201;CULO 17</marc:subfield><marc:subfield code="z">BRASIL</marc:subfield><marc:subfield code="2">larpcal</marc:subfield></marc:datafield><marc:datafield ind1="1" ind2=" " tag="700"><marc:subfield code="a">Hansen, Jo&#227;o Adolfo</marc:subfield><marc:subfield code="d">1942-</marc:subfield><marc:subfield code="4">ed</marc:subfield></marc:datafield><marc:datafield ind1="1" ind2=" " tag="700"><marc:subfield code="a">Moreira, Marcelo</marc:subfield><marc:subfield code="4">ed</marc:subfield></marc:datafield><marc:datafield ind1="0" ind2="2" tag="740"><marc:subfield code="a">Poemas atribuidos. C&#243;dice Asensio-Cunha</marc:subfield></marc:datafield><marc:datafield ind1="0" ind2="2" tag="740"><marc:subfield code="a">Para que todos entendais. Poesia atribu&#237;da a Greg&#243;rio de Matos e Guerra. Letrados, manuscritura, ret&#243;rica, autoria, obra e p&#250;blico na Bahia dos s&#233;culos XVII e XVIII</marc:subfield></marc:datafield><marc:datafield ind1=" " ind2=" " tag="945"><marc:subfield code="a">L</marc:subfield><marc:subfield code="b">LIVRO</marc:subfield><marc:subfield code="c">01</marc:subfield></marc:datafield></marc:record>