<marc:record><marc:leader>00778cam  2200241I  4500</marc:leader><marc:controlfield tag="005">20141110115045.0</marc:controlfield><marc:controlfield tag="008">840525s1953    bl a          000 0 por  </marc:controlfield><marc:datafield ind1=" " ind2=" " tag="010"><marc:subfield code="a">   66035758 </marc:subfield></marc:datafield><marc:datafield ind1=" " ind2=" " tag="035"><marc:subfield code="a">(OCoLC)10775443</marc:subfield></marc:datafield><marc:datafield ind1=" " ind2=" " tag="040"><marc:subfield code="a">DLC</marc:subfield><marc:subfield code="b">eng</marc:subfield><marc:subfield code="c">IUL</marc:subfield><marc:subfield code="d">IUL</marc:subfield><marc:subfield code="d">CRU</marc:subfield><marc:subfield code="d">OCLCF</marc:subfield><marc:subfield code="d">OCLCQ</marc:subfield></marc:datafield><marc:datafield ind1="0" ind2=" " tag="041"><marc:subfield code="a">por</marc:subfield></marc:datafield><marc:datafield ind1=" " ind2=" " tag="044"><marc:subfield code="a">bl</marc:subfield></marc:datafield><marc:datafield ind1="0" ind2=" " tag="092"><marc:subfield code="a">398.09813</marc:subfield></marc:datafield><marc:datafield ind1="1" ind2=" " tag="100"><marc:subfield code="a">Coutinho Filho, F</marc:subfield></marc:datafield><marc:datafield ind1="1" ind2="0" tag="245"><marc:subfield code="a">Violas e repentes</marc:subfield><marc:subfield code="b">repentes populares, em prosa e verso : pesquisas folcl&#243;ricas no nordeste brasileiro</marc:subfield><marc:subfield code="c">F. Coutinho Filho</marc:subfield></marc:datafield><marc:datafield ind1=" " ind2=" " tag="260"><marc:subfield code="a">Recife</marc:subfield><marc:subfield code="c">1953</marc:subfield></marc:datafield><marc:datafield ind1=" " ind2=" " tag="300"><marc:subfield code="a">276 p</marc:subfield><marc:subfield code="b">il.</marc:subfield><marc:subfield code="c">24 cm</marc:subfield></marc:datafield><marc:datafield ind1=" " ind2="0" tag="650"><marc:subfield code="a">Brazilian literature</marc:subfield><marc:subfield code="x">History and criticism</marc:subfield></marc:datafield><marc:datafield ind1=" " ind2="0" tag="650"><marc:subfield code="a">Folklore</marc:subfield><marc:subfield code="z">Brazil</marc:subfield></marc:datafield><marc:datafield ind1=" " ind2="7" tag="650"><marc:subfield code="a">FOLCLORE</marc:subfield><marc:subfield code="z">BRASIL;NORDESTE</marc:subfield><marc:subfield code="2">larpcal</marc:subfield></marc:datafield><marc:datafield ind1=" " ind2="7" tag="650"><marc:subfield code="a">REPENTE</marc:subfield><marc:subfield code="2">larpcal</marc:subfield></marc:datafield><marc:datafield ind1=" " ind2="0" tag="651"><marc:subfield code="a">Brazil</marc:subfield><marc:subfield code="x">Social life and customs</marc:subfield></marc:datafield><marc:datafield ind1=" " ind2=" " tag="945"><marc:subfield code="a">L</marc:subfield><marc:subfield code="b">LIVRO</marc:subfield><marc:subfield code="c">01</marc:subfield></marc:datafield></marc:record>