<marc:record><marc:leader>00954cam  2200277Ka 4500</marc:leader><marc:controlfield tag="005">20141204102937.0</marc:controlfield><marc:controlfield tag="008">020731s2001    bl            000 1 por d</marc:controlfield><marc:datafield ind1=" " ind2=" " tag="020"><marc:subfield code="a">8535901310</marc:subfield></marc:datafield><marc:datafield ind1=" " ind2=" " tag="020"><marc:subfield code="a">9788535901313 (pbk.)</marc:subfield></marc:datafield><marc:datafield ind1=" " ind2=" " tag="035"><marc:subfield code="a">(OCoLC)50276605</marc:subfield></marc:datafield><marc:datafield ind1=" " ind2=" " tag="040"><marc:subfield code="a">DZM</marc:subfield><marc:subfield code="c">DZM</marc:subfield><marc:subfield code="d">OCLCQ</marc:subfield><marc:subfield code="d">J9U</marc:subfield><marc:subfield code="d">OCLCF</marc:subfield></marc:datafield><marc:datafield ind1="1" ind2=" " tag="041"><marc:subfield code="a">por</marc:subfield></marc:datafield><marc:datafield ind1=" " ind2=" " tag="044"><marc:subfield code="a">bl</marc:subfield></marc:datafield><marc:datafield ind1="1" ind2=" " tag="100"><marc:subfield code="a">Oz, Amos</marc:subfield><marc:subfield code="d">1939-</marc:subfield></marc:datafield><marc:datafield ind1="1" ind2="2" tag="245"><marc:subfield code="a">O mesmo mar</marc:subfield><marc:subfield code="c">Am&#243;z Oz ; tradu&#231;&#227;o do hebraico Milton Lando</marc:subfield></marc:datafield><marc:datafield ind1=" " ind2=" " tag="260"><marc:subfield code="a">S&#227;o Paulo</marc:subfield><marc:subfield code="b">Companhia das Letras</marc:subfield><marc:subfield code="c">c2001</marc:subfield></marc:datafield><marc:datafield ind1=" " ind2=" " tag="300"><marc:subfield code="a">325 p</marc:subfield><marc:subfield code="c">22 cm.</marc:subfield></marc:datafield><marc:datafield ind1=" " ind2=" " tag="500"><marc:subfield code="a">Translation of: Oto H&#225;-Yam</marc:subfield></marc:datafield><marc:datafield ind1=" " ind2=" " tag="590"><marc:subfield code="a">O exemplar da Biblioteca FAU P&#243;s-Gradua&#231;&#227;o integra a Cole&#231;&#227;o Jos&#233; Claudio Gomes - (JCG) ; cupom fiscal de compra dentro do item.</marc:subfield></marc:datafield><marc:datafield ind1=" " ind2="0" tag="650"><marc:subfield code="a">Hebrew fiction</marc:subfield><marc:subfield code="v">Translations into Portuguese</marc:subfield></marc:datafield><marc:datafield ind1=" " ind2="0" tag="650"><marc:subfield code="a">Widowers</marc:subfield><marc:subfield code="z">Israel</marc:subfield><marc:subfield code="v">Fiction</marc:subfield></marc:datafield><marc:datafield ind1=" " ind2="7" tag="650"><marc:subfield code="a">LITERATURA HEBRAICA</marc:subfield><marc:subfield code="2">larpcal</marc:subfield></marc:datafield><marc:datafield ind1=" " ind2="7" tag="650"><marc:subfield code="a">ROMANCE</marc:subfield><marc:subfield code="2">larpcal</marc:subfield></marc:datafield><marc:datafield ind1=" " ind2="0" tag="651"><marc:subfield code="a">Israel</marc:subfield><marc:subfield code="v">Fiction</marc:subfield></marc:datafield><marc:datafield ind1="1" ind2=" " tag="700"><marc:subfield code="a">Lando, Milton</marc:subfield><marc:subfield code="4">trad</marc:subfield></marc:datafield><marc:datafield ind1=" " ind2=" " tag="945"><marc:subfield code="a">L</marc:subfield><marc:subfield code="b">LIVRO</marc:subfield><marc:subfield code="c">01</marc:subfield></marc:datafield></marc:record>