<marc:record><marc:leader>01588nam  22002774a 4500</marc:leader><marc:controlfield tag="005">20150813175500.0</marc:controlfield><marc:controlfield tag="008">150203s2010    bl     fr     000 0 por d</marc:controlfield><marc:datafield ind1=" " ind2=" " tag="020"><marc:subfield code="a">9788599588338</marc:subfield></marc:datafield><marc:datafield ind1=" " ind2=" " tag="040"><marc:subfield code="a">USP/SIBI</marc:subfield></marc:datafield><marc:datafield ind1="0" ind2=" " tag="041"><marc:subfield code="a">por</marc:subfield></marc:datafield><marc:datafield ind1=" " ind2=" " tag="044"><marc:subfield code="a">bl</marc:subfield></marc:datafield><marc:datafield ind1="0" ind2=" " tag="092"><marc:subfield code="a">025</marc:subfield></marc:datafield><marc:datafield ind1="1" ind2=" " tag="100"><marc:subfield code="a">Delmas, Bruno</marc:subfield></marc:datafield><marc:datafield ind1="1" ind2="0" tag="245"><marc:subfield code="a">Arquivos para qu&#234;?</marc:subfield><marc:subfield code="b">textos escolhidos</marc:subfield><marc:subfield code="c">Bruno Delmas ; tradu&#231;&#227;o de Danielle Ardaillon ; [revis&#227;o t&#233;cnica Heloisa Liberalli Belloto ; revis&#227;o Carmen Teresa Sim&#245;es da Costa]</marc:subfield></marc:datafield><marc:datafield ind1=" " ind2=" " tag="260"><marc:subfield code="a">S&#227;o Paulo</marc:subfield><marc:subfield code="b">Instituto Fernando Henrique Cardoso</marc:subfield><marc:subfield code="c">2010</marc:subfield></marc:datafield><marc:datafield ind1=" " ind2=" " tag="300"><marc:subfield code="a">187 p</marc:subfield><marc:subfield code="c">23 cm</marc:subfield></marc:datafield><marc:datafield ind1=" " ind2=" " tag="500"><marc:subfield code="a">"Este livro traz textos escolhidos da obra "La soci&#233;t&#233; sans m&#233;moire, editada na Fran&#231;a em 2000... A segunda parte traz o emblem&#225;tico "Manifesto para uma diplom&#225;tica contempor&#226;nea", cuja publica&#231;&#227;o original em ingl&#234;s, causou impacto na comunidade arquivistica mundial , pela coragem em aplicar aos documentos de hoje, inclusive em suporte eletr&#244;nico os princ&#237;pios cl&#225;ssicos da Diplom&#225;tica."--p. [9]</marc:subfield></marc:datafield><marc:datafield ind1=" " ind2=" " tag="534"><marc:subfield code="p">Vers&#227;o Original</marc:subfield><marc:subfield code="t">La soci&#232;t&#232; sans m&#233;moire : propos dissidents sur la politique des archives en France</marc:subfield><marc:subfield code="c">Paris: Bourin, c2006.</marc:subfield></marc:datafield><marc:datafield ind1=" " ind2=" " tag="534"><marc:subfield code="p">Manifeste pour une diplomatique contemporaine : des documents institutionnels &#224; l\'information organis&#233;e. La Gazette des Archives, Paris, n. 172, p. 49-70, 1er trimestre 1996.</marc:subfield></marc:datafield><marc:datafield ind1=" " ind2="7" tag="650"><marc:subfield code="a">ARQUIV&#205;STICA</marc:subfield><marc:subfield code="2">larpcal</marc:subfield></marc:datafield><marc:datafield ind1=" " ind2="7" tag="650"><marc:subfield code="a">ARQUIVOS</marc:subfield><marc:subfield code="2">larpcal</marc:subfield></marc:datafield><marc:datafield ind1=" " ind2="7" tag="650"><marc:subfield code="a">DIPLOM&#193;TICA</marc:subfield><marc:subfield code="2">larpcal</marc:subfield></marc:datafield><marc:datafield ind1="1" ind2=" " tag="700"><marc:subfield code="a">Ardaillon, Danielle</marc:subfield><marc:subfield code="4">trad</marc:subfield></marc:datafield><marc:datafield ind1="1" ind2=" " tag="700"><marc:subfield code="a">Bellotto, Helo&#237;sa Liberalli</marc:subfield><marc:subfield code="4">rev</marc:subfield></marc:datafield><marc:datafield ind1="1" ind2=" " tag="700"><marc:subfield code="a">Costa, Carmen T. Sim&#245;es</marc:subfield><marc:subfield code="4">rev</marc:subfield></marc:datafield><marc:datafield ind1=" " ind2=" " tag="945"><marc:subfield code="a">L</marc:subfield><marc:subfield code="b">LIVRO</marc:subfield><marc:subfield code="c">01</marc:subfield></marc:datafield></marc:record>