<marc:record><marc:leader>00960cam  2200289 a 4500</marc:leader><marc:controlfield tag="001">17541983</marc:controlfield><marc:controlfield tag="005">20121204072138.0</marc:controlfield><marc:controlfield tag="008">121128s2012    bl ab    b    001 0 por d</marc:controlfield><marc:datafield ind1=" " ind2=" " tag="010"><marc:subfield code="a">2012486132</marc:subfield></marc:datafield><marc:datafield ind1=" " ind2=" " tag="020"><marc:subfield code="a">9788589063425</marc:subfield></marc:datafield><marc:datafield ind1=" " ind2=" " tag="020"><marc:subfield code="a">8589063429</marc:subfield></marc:datafield><marc:datafield ind1=" " ind2=" " tag="040"><marc:subfield code="a">EMU</marc:subfield><marc:subfield code="b">eng</marc:subfield><marc:subfield code="c">EMU</marc:subfield><marc:subfield code="d">DLC</marc:subfield></marc:datafield><marc:datafield ind1="0" ind2=" " tag="041"><marc:subfield code="a">por</marc:subfield></marc:datafield><marc:datafield ind1=" " ind2=" " tag="042"><marc:subfield code="a">lcode</marc:subfield><marc:subfield code="a">lccopycat</marc:subfield></marc:datafield><marc:datafield ind1=" " ind2=" " tag="043"><marc:subfield code="a">s-bl---</marc:subfield><marc:subfield code="a">s------</marc:subfield></marc:datafield><marc:datafield ind1=" " ind2=" " tag="044"><marc:subfield code="a">bl</marc:subfield></marc:datafield><marc:datafield ind1="0" ind2="0" tag="050"><marc:subfield code="a">GA671</marc:subfield><marc:subfield code="b">.G84 2012</marc:subfield></marc:datafield><marc:datafield ind1="1" ind2=" " tag="100"><marc:subfield code="a">Guedes, Max Justo</marc:subfield></marc:datafield><marc:datafield ind1="1" ind2="2" tag="245"><marc:subfield code="a">A cartografia impressa do Brasil, 1506-1922</marc:subfield><marc:subfield code="b">os 100 mapas mais influentes</marc:subfield><marc:subfield code="c">Max Justo Guedes</marc:subfield></marc:datafield><marc:datafield ind1=" " ind2=" " tag="260"><marc:subfield code="a">[Rio de Janeiro, Brazil]</marc:subfield><marc:subfield code="b">Capivara</marc:subfield><marc:subfield code="c">c2012</marc:subfield></marc:datafield><marc:datafield ind1=" " ind2=" " tag="300"><marc:subfield code="a">263 p</marc:subfield><marc:subfield code="b">col. ill., maps (chiefly col.)</marc:subfield><marc:subfield code="c">31 cm</marc:subfield></marc:datafield><marc:datafield ind1=" " ind2=" " tag="504"><marc:subfield code="a">Includes bibliographical references (p. 260-261) and index</marc:subfield></marc:datafield><marc:datafield ind1=" " ind2="0" tag="650"><marc:subfield code="a">Cartography</marc:subfield><marc:subfield code="z">Brazil</marc:subfield><marc:subfield code="x">History</marc:subfield></marc:datafield><marc:datafield ind1=" " ind2="7" tag="650"><marc:subfield code="a">CARTOGRAFIA (HIST&#211;RIA)</marc:subfield><marc:subfield code="z">BRASIL</marc:subfield><marc:subfield code="2">larpcal</marc:subfield></marc:datafield><marc:datafield ind1=" " ind2="0" tag="651"><marc:subfield code="a">Brazil</marc:subfield><marc:subfield code="v">Maps</marc:subfield><marc:subfield code="v">Early works to 1800</marc:subfield></marc:datafield><marc:datafield ind1=" " ind2="0" tag="651"><marc:subfield code="a">South America</marc:subfield><marc:subfield code="v">Maps</marc:subfield><marc:subfield code="v">Early works to 1800</marc:subfield></marc:datafield><marc:datafield ind1=" " ind2=" " tag="945"><marc:subfield code="a">L</marc:subfield><marc:subfield code="b">LIVRO</marc:subfield><marc:subfield code="c">01</marc:subfield></marc:datafield></marc:record>