<marc:record><marc:leader>03038nam  22003974a 4500</marc:leader><marc:controlfield tag="005">20181128125200.0</marc:controlfield><marc:controlfield tag="008">150708s2014    bl     f      000 0 por d</marc:controlfield><marc:datafield ind1=" " ind2=" " tag="020"><marc:subfield code="a">9788585142568 (Cole&#231;&#227;o)</marc:subfield></marc:datafield><marc:datafield ind1=" " ind2=" " tag="020"><marc:subfield code="a">9788585142575 (v. 1)</marc:subfield></marc:datafield><marc:datafield ind1=" " ind2=" " tag="020"><marc:subfield code="a">9788585142582 (v. 2)</marc:subfield></marc:datafield><marc:datafield ind1=" " ind2=" " tag="020"><marc:subfield code="a">9788585142599 (v. 3)</marc:subfield></marc:datafield><marc:datafield ind1=" " ind2=" " tag="040"><marc:subfield code="a">USP/SIBI</marc:subfield></marc:datafield><marc:datafield ind1="0" ind2=" " tag="041"><marc:subfield code="a">por</marc:subfield></marc:datafield><marc:datafield ind1=" " ind2=" " tag="044"><marc:subfield code="a">bl</marc:subfield></marc:datafield><marc:datafield ind1="0" ind2=" " tag="092"><marc:subfield code="a">323.0981</marc:subfield></marc:datafield><marc:datafield ind1="1" ind2=" " tag="100"><marc:subfield code="a">Brasil. Comiss&#227;o Nacional da Verdade (CNV)</marc:subfield></marc:datafield><marc:datafield ind1="1" ind2="0" tag="245"><marc:subfield code="a">Relat&#243;rio</marc:subfield><marc:subfield code="c">Comiss&#227;o Nacional da Verdade ; [conselheiros] Jos&#233; Carlos Dias, Jos&#233; Paulo Cavalcanti Filho, Maria Rita Kehl, Paulo S&#233;rgio Pinheiro, Pedro Bohomoletz de Abreu Dallari, Rosa Maria Cardoso da Cunha</marc:subfield></marc:datafield><marc:datafield ind1="3" ind2="3" tag="246"><marc:subfield code="a">Comiss&#227;o Nacional da Verdade</marc:subfield><marc:subfield code="b">relat&#243;rio</marc:subfield></marc:datafield><marc:datafield ind1=" " ind2=" " tag="260"><marc:subfield code="a">Bras&#237;lia</marc:subfield><marc:subfield code="b">CNV</marc:subfield><marc:subfield code="c">2014</marc:subfield></marc:datafield><marc:datafield ind1=" " ind2=" " tag="300"><marc:subfield code="a">3 v. em 6 tomos</marc:subfield></marc:datafield><marc:datafield ind1=" " ind2=" " tag="500"><marc:subfield code="a">Instalada em maio de 2012, a Comiss&#227;o Nacional da Verdade procurou cumprir, ao longo de dois anos e meio de atividade, a tarefa que lhe foi estipulada na Lei 12.528/2011, empenhou-se em examinar e esclarecer o quadro de graves viola&#231;&#245;es de direitos humanos praticados entre 1946 e 1988, a fim de efetivar o direito &#224; mem&#243;ria e &#224; verdade hist&#243;rica e promover a reconcilia&#231;&#227;o nacional e desaparecidos pol&#237;ticos</marc:subfield></marc:datafield><marc:datafield ind1="0" ind2=" " tag="505"><marc:subfield code="a">v. 1. pt. I. A Comiss&#227;o Nacional da Verdade -- v. 1. pt. II As estruturas do Estado e as graves viola&#231;&#245;es de direitos humanos -- v. 1. pt. III M&#233;todos e pr&#225;ticas nas graves viola&#231;&#245;es de direitos humanos e suas v&#237;timas -- v. 1. pt. IV Din&#226;mica das graves viola&#231;&#245;es de direitos humanos: casos emblem&#225;ticos, locais e autores. O Judici&#225;rio -- v. 1. pt. V Conclus&#245;es e recomenda&#231;&#245;es -- v. 2. Textos tem&#225;ticos: Texto 1 - Viola&#231;&#245;es de direitos humanos no meio militar. Texto 2 - Viola&#231;&#245;es de direitos humanos dos trabalhadores. Texto 3 - Viola&#231;&#245;es de direitos humanos dos camponeses. Texto 4 - Viola&#231;&#245;es de direitos humanos nas igrejas crist&#227;s. Texto 5 - Viola&#231;&#245;es de direitos humanos dos povos ind&#237;genas. Texto 6 - Viola&#231;&#245;es de direitos humanos na universidade. Texto 7 - Ditadura e homossexualidades. Texto 8 - Civis que colaboraram com a ditadura. Texto 9 - A resist&#234;ncia da sociedade civil &#224;s graves viola&#231;&#245;es de direitos humanos --v. 3. t. 1, t. 2 e t. 3 Mortos e desaparecidos pol&#237;ticos: rela&#231;&#227;o de perfis de mortos e desaparecidos pol&#237;ticos - 1946-1988 (em ordem cronol&#243;gica)</marc:subfield></marc:datafield><marc:datafield ind1=" " ind2="7" tag="650"><marc:subfield code="a">DITADURA</marc:subfield><marc:subfield code="z">BRASIL</marc:subfield><marc:subfield code="2">larpcal</marc:subfield></marc:datafield><marc:datafield ind1=" " ind2="7" tag="650"><marc:subfield code="a">DIREITOS HUMANOS (VIOLA&#199;&#195;O)</marc:subfield><marc:subfield code="z">BRASIL</marc:subfield><marc:subfield code="2">larpcal</marc:subfield></marc:datafield><marc:datafield ind1=" " ind2="7" tag="650"><marc:subfield code="a">PRESO POL&#205;TICO</marc:subfield><marc:subfield code="z">BRASIL</marc:subfield><marc:subfield code="2">larpcal</marc:subfield></marc:datafield><marc:datafield ind1=" " ind2="7" tag="650"><marc:subfield code="a">REPRESS&#195;O POL&#205;TICA</marc:subfield><marc:subfield code="z">BRASIL</marc:subfield><marc:subfield code="2">larpcal</marc:subfield></marc:datafield><marc:datafield ind1=" " ind2="7" tag="650"><marc:subfield code="a">V&#205;TIMAS DE TORTURA</marc:subfield><marc:subfield code="z">BRASIL</marc:subfield><marc:subfield code="2">larpcal</marc:subfield></marc:datafield><marc:datafield ind1=" " ind2="7" tag="650"><marc:subfield code="a">COMISS&#195;O ESPECIAL</marc:subfield><marc:subfield code="z">BRASIL</marc:subfield><marc:subfield code="2">larpcal</marc:subfield></marc:datafield><marc:datafield ind1="1" ind2=" " tag="700"><marc:subfield code="a">Dias, Jos&#233; Carlos</marc:subfield></marc:datafield><marc:datafield ind1="1" ind2=" " tag="700"><marc:subfield code="a">Cavalcanti Filho, Jos&#233; Paulo</marc:subfield></marc:datafield><marc:datafield ind1="1" ind2=" " tag="700"><marc:subfield code="a">Kehl, Maria Rita</marc:subfield></marc:datafield><marc:datafield ind1="1" ind2=" " tag="700"><marc:subfield code="a">Pinheiro, Paulo S&#233;rgio</marc:subfield></marc:datafield><marc:datafield ind1="1" ind2=" " tag="700"><marc:subfield code="a">Dallari, Pedro Bohomoletz de Abreu</marc:subfield></marc:datafield><marc:datafield ind1="1" ind2=" " tag="700"><marc:subfield code="a">Cunha, Rosa Maria Cardoso da</marc:subfield></marc:datafield><marc:datafield ind1="4" ind2=" " tag="856"><marc:subfield code="z">"Clicar" sobre o bot&#227;o para acesso ao texto completo</marc:subfield><marc:subfield code="u">http://www.cnv.gov.br/</marc:subfield><marc:subfield code="3">Documento completo</marc:subfield></marc:datafield><marc:datafield ind1=" " ind2=" " tag="945"><marc:subfield code="a">L</marc:subfield><marc:subfield code="b">LIVRO</marc:subfield><marc:subfield code="c">01</marc:subfield></marc:datafield></marc:record>