<marc:record><marc:leader>01102cam a2200325 i 4500</marc:leader><marc:controlfield tag="005">20141104120233.0</marc:controlfield><marc:controlfield tag="008">131011s2012    bl a     b    001 0bpor  </marc:controlfield><marc:datafield ind1=" " ind2=" " tag="010"><marc:subfield code="a">2013348075</marc:subfield></marc:datafield><marc:datafield ind1=" " ind2=" " tag="020"><marc:subfield code="a">9788575314470 (pbk.)</marc:subfield></marc:datafield><marc:datafield ind1=" " ind2=" " tag="020"><marc:subfield code="a">8575314475 (pbk.)</marc:subfield></marc:datafield><marc:datafield ind1=" " ind2=" " tag="035"><marc:subfield code="a">(OCoLC)9849649</marc:subfield></marc:datafield><marc:datafield ind1=" " ind2=" " tag="040"><marc:subfield code="a">DLC</marc:subfield><marc:subfield code="b">eng</marc:subfield><marc:subfield code="c">DLC</marc:subfield><marc:subfield code="d">OCLCF</marc:subfield><marc:subfield code="d">OCLCO</marc:subfield><marc:subfield code="d">CaOTU</marc:subfield></marc:datafield><marc:datafield ind1="0" ind2=" " tag="041"><marc:subfield code="a">por</marc:subfield></marc:datafield><marc:datafield ind1=" " ind2=" " tag="043"><marc:subfield code="a">s-bl---</marc:subfield></marc:datafield><marc:datafield ind1=" " ind2=" " tag="044"><marc:subfield code="a">bl</marc:subfield></marc:datafield><marc:datafield ind1="0" ind2="0" tag="050"><marc:subfield code="a">HV6453.B82</marc:subfield><marc:subfield code="b">N64 2012</marc:subfield></marc:datafield><marc:datafield ind1="1" ind2=" " tag="100"><marc:subfield code="a">Mello, Frederico Pernambucano de</marc:subfield><marc:subfield code="d">1947-</marc:subfield></marc:datafield><marc:datafield ind1="1" ind2="0" tag="245"><marc:subfield code="a">Benjamin Abrah&#227;o</marc:subfield><marc:subfield code="b">entre anjos e cangaceiros</marc:subfield><marc:subfield code="c">Frederico Pernambucano de Mello</marc:subfield></marc:datafield><marc:datafield ind1=" " ind2=" " tag="260"><marc:subfield code="a">S&#227;o Paulo</marc:subfield><marc:subfield code="b">Escrituras</marc:subfield><marc:subfield code="c">2012</marc:subfield></marc:datafield><marc:datafield ind1=" " ind2=" " tag="300"><marc:subfield code="a">351 p</marc:subfield><marc:subfield code="b">il.</marc:subfield><marc:subfield code="c">23 cm</marc:subfield></marc:datafield><marc:datafield ind1=" " ind2=" " tag="504"><marc:subfield code="a">Includes bibliographical references (p. 333-338) and index.</marc:subfield></marc:datafield><marc:datafield ind1=" " ind2=" " tag="583"><marc:subfield code="a">commitment to retain</marc:subfield><marc:subfield code="c">20151208</marc:subfield><marc:subfield code="2">pda</marc:subfield><marc:subfield code="5">OTUTLD</marc:subfield></marc:datafield><marc:datafield ind1="1" ind2="7" tag="600"><marc:subfield code="a">Abrah&#227;o, Benjamim</marc:subfield><marc:subfield code="d">1890-1938</marc:subfield><marc:subfield code="2">fast</marc:subfield></marc:datafield><marc:datafield ind1=" " ind2="0" tag="650"><marc:subfield code="a">Outlaws</marc:subfield><marc:subfield code="z">Brazil, Northeast</marc:subfield><marc:subfield code="x">History</marc:subfield></marc:datafield><marc:datafield ind1=" " ind2="0" tag="650"><marc:subfield code="a">Brigands and robbers</marc:subfield><marc:subfield code="z">Brazil, Northeast</marc:subfield><marc:subfield code="x">History</marc:subfield></marc:datafield><marc:datafield ind1=" " ind2="0" tag="650"><marc:subfield code="a">Violence</marc:subfield><marc:subfield code="z">Brazil, Northeast</marc:subfield></marc:datafield><marc:datafield ind1=" " ind2="7" tag="650"><marc:subfield code="a">BIOGRAFIAS</marc:subfield><marc:subfield code="2">larpcal</marc:subfield></marc:datafield><marc:datafield ind1=" " ind2="7" tag="650"><marc:subfield code="a">CANGA&#199;O</marc:subfield><marc:subfield code="2">larpcal</marc:subfield></marc:datafield><marc:datafield ind1=" " ind2="7" tag="650"><marc:subfield code="a">CANGACEIROS</marc:subfield><marc:subfield code="2">larpcal</marc:subfield></marc:datafield><marc:datafield ind1=" " ind2=" " tag="945"><marc:subfield code="a">L</marc:subfield><marc:subfield code="b">LIVRO</marc:subfield><marc:subfield code="c">01</marc:subfield></marc:datafield></marc:record>