<marc:record><marc:leader>01014nam  22002654a 4500</marc:leader><marc:controlfield tag="005">20181204182800.0</marc:controlfield><marc:controlfield tag="008">181204s2018    bl     f      000 0 por d</marc:controlfield><marc:datafield ind1=" " ind2=" " tag="020"><marc:subfield code="a">9788584991198</marc:subfield></marc:datafield><marc:datafield ind1=" " ind2=" " tag="040"><marc:subfield code="a">USP/SIBI</marc:subfield></marc:datafield><marc:datafield ind1="0" ind2=" " tag="041"><marc:subfield code="a">por</marc:subfield></marc:datafield><marc:datafield ind1=" " ind2=" " tag="044"><marc:subfield code="a">bl</marc:subfield></marc:datafield><marc:datafield ind1="0" ind2="4" tag="082"><marc:subfield code="a">796.3340981</marc:subfield></marc:datafield><marc:datafield ind1="0" ind2=" " tag="092"><marc:subfield code="a">796.3340981</marc:subfield></marc:datafield><marc:datafield ind1="1" ind2=" " tag="100"><marc:subfield code="a">Souza, Denaldo Alchorne de</marc:subfield></marc:datafield><marc:datafield ind1="1" ind2="0" tag="245"><marc:subfield code="a">Pra frente, Brasil!</marc:subfield><marc:subfield code="b">do Maracanazo aos mitos de Pel&#233; e Garrincha, a dial&#233;tica da ordem e da desordem (1950-1983)</marc:subfield><marc:subfield code="c">Denaldo Archorne de Souza ; [pref&#225;cio Antonio Pedro Tota]</marc:subfield></marc:datafield><marc:datafield ind1=" " ind2=" " tag="260"><marc:subfield code="a">S&#227;o Paulo</marc:subfield><marc:subfield code="b">Intermeios</marc:subfield><marc:subfield code="c">2018</marc:subfield></marc:datafield><marc:datafield ind1=" " ind2=" " tag="300"><marc:subfield code="a">319 p</marc:subfield><marc:subfield code="b">il., fots</marc:subfield><marc:subfield code="c">23 cm</marc:subfield></marc:datafield><marc:datafield ind1="0" ind2=" " tag="490"><marc:subfield code="a">Entrejogos</marc:subfield></marc:datafield><marc:datafield ind1="1" ind2="7" tag="600"><marc:subfield code="a">Pel&#233;</marc:subfield><marc:subfield code="q">(Edson Arantes do Nascimento)</marc:subfield><marc:subfield code="d">1940-</marc:subfield><marc:subfield code="2">larpcal</marc:subfield></marc:datafield><marc:datafield ind1="1" ind2="7" tag="600"><marc:subfield code="a">Garrincha, Man&#233;</marc:subfield><marc:subfield code="q">(Manoel Francisco dos Santos)</marc:subfield><marc:subfield code="d">1933-1983</marc:subfield><marc:subfield code="2">larpcal</marc:subfield></marc:datafield><marc:datafield ind1=" " ind2="7" tag="650"><marc:subfield code="a">FUTEBOL</marc:subfield><marc:subfield code="x">HIST&#211;RIA</marc:subfield><marc:subfield code="x">ASPECTOS SOCIAIS</marc:subfield><marc:subfield code="x">ASPECTOS CULTURAIS</marc:subfield><marc:subfield code="z">BRASIL</marc:subfield><marc:subfield code="2">larpcal</marc:subfield></marc:datafield><marc:datafield ind1=" " ind2="7" tag="650"><marc:subfield code="a">IDENTIDADE NACIONAL</marc:subfield><marc:subfield code="2">larpcal</marc:subfield></marc:datafield><marc:datafield ind1=" " ind2="7" tag="650"><marc:subfield code="a">HIST&#211;RIA CULTURAL</marc:subfield><marc:subfield code="2">larpcal</marc:subfield></marc:datafield><marc:datafield ind1="1" ind2=" " tag="700"><marc:subfield code="a">Tota, Antonio Pedro</marc:subfield><marc:subfield code="d">1942-</marc:subfield><marc:subfield code="4">pref</marc:subfield></marc:datafield><marc:datafield ind1=" " ind2=" " tag="945"><marc:subfield code="a">L</marc:subfield><marc:subfield code="b">LIVRO</marc:subfield><marc:subfield code="c">01</marc:subfield></marc:datafield></marc:record>